2099 3516
465 255 545 293 575.
571 277 617 282 —
642 254 840 292 Tnssvims
864 255 888 291 4
913 255 1169 292 SEPTEMBRIS
1197 255 1285 291 1561
1573 255 1643 291 529

822 507 934 558 575

461 662 515 712 Ρ.
573 660 972 712 AEGIDIUS
1035 659 1304 710 FABER

538 810 728 836 Tnssvmls
753 800 776 835 4
800 808 1050 835 SEPTEMBms
1078 798 1166 834 1561
1193 799 1218 835 1.

63 937 102 972 1.
132 932 365 972 Sociorum
393 945 613 971 numerus
642 934 681 971 et
710 932 889 971 classes.
918 953 967 957 —
991 934 1032 970 2.
1054 931 1256 970 Admissi
1287 931 1343 969 ad
1368 930 1691 980 probationem.

173 999 444 1048 Aliquorum
473 998 741 1036 constantia.
773 1019 823 1023 —
855 1001 896 1035 3.
926 997 1157 1046 Religio-sa
1187 996 1443 1046 disciplina.
1474 1018 1523 1022 —
1552 999 1596 1034 4.
1617 996 1694 1034 In-

172 1064 374 1102 dustriae
403 1064 461 1102 ad
501 1064 809 1114 germanicam
855 1063 1060 1112 linguam
1106 1061 1424 1100 addiscendam
1459 1061 1693 1100 adhibitae.

171 1133 267 1167 5-6.
311 1128 688 1168 Scholasticorum
730 1139 962 1166 numerus.
999 1126 1235 1165 Convictus
1266 1127 1563 1166 desideratur.
1598 1127 1694 1165 Lit-

173 1195 368 1233 terariae
414 1195 766 1233 exercitationes.
821 1192 1025 1242 Cataloyi
1074 1192 1312 1231 lectionum
1355 1205 1437 1242 per
1493 1193 1696 1231 diversas

166 1260 429 1309 provincias
457 1260 754 1308 sparguntur.
788 1258 1018 1307 Religio-sa
1047 1258 1341 1296 alumnorum
1372 1258 1612 1296 institutio.
1651 1279 1694 1283 —

176 1328 267 1363 7-9.
301 1323 538 1363 Contiones
579 1326 628 1362 in
672 1324 863 1362 diversis
908 1322 1097 1373 templis.
1141 1323 1376 1361 Excursus
1407 1323 1463 1361 ad
1497 1324 1696 1361 vicinum

166 1401 352 1439 pagum.
395 1389 622 1427 Laborum
663 1389 855 1437 fructus.
904 1388 1148 1434 Quaeritur
1191 1388 1404 1437 templum
1439 1388 1695 1437 appositum

173 1454 395 1494 Societati.
428 1476 476 1480 —
505 1458 575 1493 10.
606 1455 673 1492 Eoc
704 1454 878 1492 dissitis
911 1454 1018 1491 locis
1049 1453 1105 1491 ad
1134 1454 1314 1492 nostros
1345 1453 1525 1491 consilii
1558 1465 1695 1491 causa

172 1520 472 1558 concurritur.
506 1541 555 1545 —
584 1522 724 1557 1142.
759 1518 883 1557 Cives
913 1519 1038 1556 varie
1067 1530 1173 1567 crya
1203 1519 1346 1557 socios
1377 1518 1532 1566 affecti.

148 1656 183 1695 1.
215 1655 368 1696 Gratia
409 1657 451 1695 et
494 1667 580 1706 pax
623 1654 722 1695 Dni.
767 1654 908 1694 nostri
951 1654 1009 1693 sit
1052 1653 1285 1693 nobiscum
1317 1665 1503 1704 semper.
1537 1653 1693 1693 Amen.

69 1720 294 1773 [Breviter
339 1734 384 1761 se
431 1722 711 1772 scripturum
759 1719 901 1771 dicit]
934 1719 1078 1770 Atque
1118 1720 1162 1758 vt
1207 1719 1262 1758 ab
1306 1718 1377 1770 5sz
1423 1730 1536 1769 quae
1579 1718 1696 1757 intra

66 1785 332 1826 domesticos
376 1786 564 1836 parietes
607 1787 705 1825 acta
734 1787 853 1832 sunt,
899 1784 1197 1831 exordiamur,
1230 1785 1388 1823 auctus
1431 1785 1497 1823 est
1525 1790 1544 1809 ἢ
1578 1796 1697 1823 noua

66 1851 318 1891 accessione
347 1852 596 1890 nostrorum
622 1862 848 1897 numerus,
873 1851 918 1889 vt
939 1861 1058 1889 nunc
1077 1849 1261 1889 omnino
1292 1849 1374 1888 XX
1404 1849 1476 1888 hic
1497 1861 1694 1900 agamus.

68 1917 187 1956 Inter
216 1916 298 1955 hos
329 1915 388 1954 XI
419 1916 692 1962 sacerdotes;
725 1915 884 1966 reliqui
918 1915 984 1954 vel
1015 1916 1332 1965 praeceptores,
1367 1914 1434 1953 vel
1455 1913 1695 1960 scholares,

66 1981 136 2021 vel
165 1981 446 2021 coadiutores
475 1981 763 2032 temporales3
796 1982 838 2020 et
867 1980 912 2019 in
943 1992 1025 2019 sua
1055 1979 1245 2030 quisque
1279 1978 1507 2018 functione
1542 1979 1698 2030 gnaui-

69 2048 132 2086 ter
162 2048 376 2093 versatur,
416 2045 487 2096 pia
515 2045 723 2096 quadam,
769 2047 811 2084 et
839 2045 908 2084 vel
939 2044 1148 2084 omnibus
1191 2044 1457 2084 aemulanda
1505 2044 1699 2083 aemula—

67 2111 187 2151 tione
216 2111 352 2157 ducti,
385 2123 439 2150 ne
469 2111 570 2161 quis
600 2111 646 2150 in
676 2110 938 2150 muneribus
967 2110 1052 2149 sibi
1083 2109 1304 2149 obeundis
1339 2109 1528 2149 libenter
1570 2109 1697 2148 alteri

68 2177 208 2217 cedat.

147 2243 185 2282 9..
218 2242 287 2282 Ad
322 2242 644 2293 probationem,
676 2254 763 2292 qua
798 2241 995 2281 Societas
1039 2242 1190 2280 nostra
1238 2240 1297 2280 vti
1343 2240 1467 2290 solet,
1513 2239 1697 2279 admissi

68 2310 173 2348 sunt
204 2309 374 2359 praeter
402 2307 515 2347 duos
552 2307 802 2346 sacerdotes
831 2306 989 2358 gallos,
1021 2306 1109 2346 duo
1154 2307 1340 2345 iuuenes
1384 2305 1569 2346 Colonia
1612 2305 1699 2345 huc

68 2373 209 2421 missi,
254 2373 365 2412 alter
407 2372 567 2412 artium
614 2371 838 2423 magister,
870 2372 981 2411 alter
1014 2371 1179 2423 logices
1227 2371 1417 2411 auditor.
1448 2371 1546 2410 Duo
1594 2370 1698 2409 item

67 2438 361 2485 coadiutooes,
394 2450 480 2477 non
514 2437 610 2477 sine
640 2449 829 2485 summo,
862 2439 906 2476 vt
937 2448 1182 2488 speramus,
1222 2438 1264 2476 et
1294 2436 1454 2483 fructu.
1486 2437 1529 2475 et
1567 2435 1700 2475 inter-

68 2516 124 2544 na
154 2503 352 2543 omnium
384 2503 702 2542 consolatione.
736 2502 1005 2542 Exercentur
1033 2502 1166 2541 etiam
1198 2502 1244 2541 in
1277 2501 1511 2542 vilioribus
1540 2500 1699 2540 demis—

68 2569 351 2620 sioribusque
371 2568 608 2619 exercitiis,
640 2580 740 2607 cum
769 2580 924 2607 omnes
953 2580 1006 2607 ex
1040 2579 1197 2618 aequo,
1228 2569 1324 2606 tum
1346 2566 1536 2606 maxime
1557 2578 1699 2605 sacer-

68 2634 193 2674 dotes
222 2633 298 2685 qui
328 2646 410 2673 suo
440 2633 640 2683 exemplo
671 2632 835 2672 multos
869 2635 910 2672 et
940 2632 1146 2672 alliciunt
1166 2634 1208 2672 et
1236 2632 1446 2672 inuitant.
1472 2632 1505 2670 E
1534 2631 1699 2682 quibus

130 2802 149 2820 a
170 2793 252 2826 Del.
277 2802 466 2825 numerus.

131 2943 141 2961 ¹
165 2941 217 2974 Ex
240 2941 454 2983 apographo
478 2950 612 2974 coaevo
636 2941 674 2973 in
698 2941 776 2974 cod.
806 2941 934 2974 Germ.
960 2941 1044 2977 139,
1068 2940 1104 2973 ff.
1129 2941 1244 2977 95437:
1281 2940 1386 2982 prius
1419 2940 1527 2972 93-95.
1565 2939 1699 2980 Magna

69 2995 151 3027 eius
174 3004 260 3037 pars
283 2995 383 3027 edita
398 2996 453 3027 est
471 2995 517 3027 ab
540 2995 691 3027 HANSEN
709 2995 964 3035 (Rheinische
988 2994 1151 3027 Amen...
1176 2994 1327 3034 401-405)
1350 3003 1395 3025 ex
1411 2993 1577 3034 exemplo
1600 2993 1699 3034 quod

70 3049 193 3081 exstat
216 3048 401 3081 Coloniae.

142 3137 304 3166 Llr'rEnAz
324 3137 601 3172 Qummmnsrmis.
624 3153 655 3157 —
676 3136 756 3165 Tou.
778 3136 846 3165 VII.
1595 3135 1629 3162 34
