2099 3516
409 263 453 297 74
880 265 1083 301 Li'rTERAE
1118 268 1461 310 QuAiffluvinsTREs

359 380 504 420 iudice
534 382 638 427 Deo,
664 382 718 421 iis
747 394 874 422 secus
893 390 911 408 ³¹
941 383 1206 426 distributis,
1231 384 1443 422 rationem
1468 383 1707 421 ineundam
1728 395 1848 423 esse:
1871 384 1977 423 dum

361 445 612 485 valetudine
656 448 860 487 utebatur
890 448 1074 497 integra,
1107 459 1317 498 mensque
1365 459 1446 487 suo
1493 447 1655 497 vigeret
1683 448 1977 498 cognoscendi

358 509 518 552 officio.
551 512 863 551 testamentum
906 512 1118 557 condidit,
1151 514 1198 551 ut
1228 524 1313 551 non
1346 524 1472 551 serus
1501 514 1631 561 atque
1660 512 1854 561 optabat,
1885 524 1978 551 am-

360 574 433 623 pla
462 574 536 613 illa
567 577 795 625 suppellex·
823 576 1162 615 distribueretur
1181 575 1210 616 ι’.
1233 577 1323 616 Vsu
1355 576 1531 615 tandem
1567 575 1703 622 uenit,
1734 578 1780 614 ut
1809 577 1978 626 grauis-

359 638 486 686 simo,
517 640 593 689 qui
638 642 679 678 et
722 640 948 679 interitum
991 640 1154 687 attulit,
1187 641 1474 691 impediretur
1519 641 1684 683 morbo,
1721 640 1766 678 in
1810 653 1897 690 quo
1926 652 1976 680 ea

359 703 442 741 fuit
470 703 606 742 animi
637 705 902 746 constantia,
937 706 980 743 ut
1012 704 1087 754 qui
1119 705 1184 743 illi
1215 706 1459 756 aegrotanti
1490 705 1686 751 aderant,
1711 705 1751 743 id
1785 707 1976 744 tantum-

359 768 488 806 modo
518 769 851 819 proloquentem
882 769 1118 815 audierint,
1150 781 1195 809 se
1227 773 1436 820 tanquam
1481 770 1700 808 martirem
1733 770 1977 819 (aliquanto

357 832 472 870 enim
503 833 667 882 spacio,
691 836 927 883 antequam
950 833 1145 873 animun]
1168 835 1432 881 exhalasset,
1462 834 1782 874 uehementius,
1806 834 1977 883 langui-

357 896 459 935 dum
492 909 651 947 corpus
681 910 729 937 ac
760 910 894 948 prope
923 899 1164 937 extinctum
1186 899 1253 938 vis
1276 900 1415 938 morbi
1438 900 1694 947 diuexabat)
1722 899 1855 937 vitam
1876 910 1975 937 cum

359 964 494 1001 morte
525 965 808 1002 commutare.
842 962 937 1012 Quo
967 964 1174 1011 extincto,
1206 976 1295 1002 non
1316 972 1331 989 ⁶
1360 976 1410 1003 ea
1457 976 1613 1014 pompa
1658 964 1793 1002 funus
1827 963 1975 1002 effere-

359 1026 500 1067 batur.
532 1039 663 1077 quam
695 1027 809 1066 inter
838 1027 1073 1078 populares
1115 1028 1364 1067 ditissimus
1398 1029 1699 1068 Aruernorum
1743 1028 1976 1078 episcopus

356 1092 627 1141 requirebat;
660 1092 733 1130 sed
768 1092 870 1131 hinc
900 1092 1055 1139 nostri,
1088 1092 1189 1131 inde
1219 1093 1294 1144 qui
1324 1094 1598 1132 vocabantur
1640 1093 1826 1139 Minimi,
1863 1092 1976 1131 inse-

355 1157 619 1205 quebantur,
655 1157 831 1206 perinde
862 1157 990 1207 quasi
1021 1157 1096 1207 filij
1131 1158 1266 1197 funus
1305 1159 1442 1208 patris
1485 1158 1813 1197 comitarentur.
1848 1157 1976 1195 Abie-

357 1222 419 1258 rat
463 1232 537 1270 per
579 1221 622 1260 id
667 1222 877 1271 temporis
908 1222 957 1262 R.
989 1223 1033 1261 in
1067 1223 1176 1273 Xpo.
1209 1223 1254 1262 P.
1287 1223 1587 1265 Hieronimus,
1620 1222 1760 1261 literis
1795 1224 1976 1261 vocatus

356 1285 591 1324 clarissimi
623 1286 864 1325 cardinalis
893 1286 1241 1329 Tournonensis.
1275 1290 1320 1327 ut
1351 1300 1447 1327 cum
1493 1300 1543 1326 eo
1587 1288 1638 1326 de
1682 1287 1867 1337 collegio
1898 1287 1975 1325 illo

356 1350 592 1399 percelebri
626 1353 800 1389 nostrae
831 1350 1034 1390 Societati
1069 1351 1352 1403 adiungendo
1386 1355 1547 1403 ageret.
1579 1351 1697 1402 quod
1739 1351 1975 1401 collegium

357 1417 400 1453 ut
447 1415 499 1452 sit
547 1418 763 1462 nostrum,
795 1416 888 1454 sola
933 1419 1132 1466 superest
1176 1417 1387 1456 mittenda
1427 1417 1601 1455 colonia
1632 1419 1667 1455 1;
1701 1428 1828 1466 quen]
1860 1416 1975 1455 idem

355 1480 690 1519 amantissimus
711 1480 945 1530 episcopus
961 1482 1184 1520 absentem
1204 1483 1572 1532 conquerebatur:
1597 1482 1836 1532 crebroque
1857 1491 1974 1519 nunc

355 1544 509 1588 literis,
542 1556 659 1583 nunc
690 1545 867 1584 nunciis
897 1546 949 1584 de
978 1545 1074 1585 eius
1103 1547 1297 1585 aduentu
1327 1547 1550 1597 querebat.
1587 1547 1628 1585 [d
1664 1548 1806 1596 preter
1833 1547 1975 1584 cetera

354 1608 628 1659 significans,
661 1612 705 1649 ut
738 1610 872 1649 simul
902 1613 1033 1661 atque
1062 1611 1328 1659 aduenisset,
1352 1623 1446 1650 sese
1471 1612 1641 1650 viseret.
1666 1610 1787 1660 Quod
1821 1610 1974 1649 sedulo

354 1686 378 1711 a
411 1674 538 1712 Patre
569 1677 731 1723 nostro,
762 1687 860 1714 cum
892 1675 1141 1726 Byliomum
1187 1678 1435 1717 remeasset.
1467 1676 1668 1715 effectum
1709 1677 1787 1714 est.
1825 1674 1974 1725 Neque

353 1738 469 1777 enim
501 1751 601 1778 eum
631 1739 825 1778 deseruit
866 1741 1011 1790 quoad
1055 1741 1245 1779 animam
1292 1741 1496 1779 efflasset.
1544 1740 1681 1789 Quem
1711 1743 1751 1779 et
1781 1742 1974 1779 extremo

353 1804 449 1842 oleo
480 1815 603 1843 sacro
634 1805 824 1843 inunxit.
863 1806 908 1843 [n
938 1817 989 1844 eo
1021 1806 1186 1850 morbo,
1218 1806 1291 1856 qui
1327 1818 1414 1845 non
1453 1806 1690 1844 admodum
1734 1805 1974 1844 diuturnus

356 1868 451 1908 t'uit.
485 1870 689 1907 narrabat
724 1870 791 1908 Pr.
827 1870 972 1909 uirum
1003 1870 1152 1920 pietati
1184 1871 1381 1909 deditum
1402 1882 1527 1909 sacro
1548 1870 1841 1909 eucharistiae
1864 1880 1973 1919 pane

353 1945 448 1972 sese
478 1937 633 1984 quater
653 1934 668 1959 ¹¹
701 1936 1023 1974 corroborasse.
1057 1935 1182 1975 Nunc
1211 1948 1322 1986 quae
1344 1944 1359 1961 Θ
1390 1936 1512 1974 illius
1543 1936 1587 1974 111
1620 1947 1700 1974 nos
1726 1934 1857 1974 fuerit
1884 1935 1896 1960 f
1924 1934 1973 1973 li-

354 1999 576 2040 beralitas,
609 2011 829 2050 quamque
860 2012 903 2038 re
933 2001 1228 2050 comprobarit
1249 2001 1365 2051 quod
1389 2012 1595 2051 persaepe
1624 2001 1676 2039 de
1705 2012 1786 2039 suo
1816 2000 1861 2038 in
1892 2011 1973 2038 nos

353 2075 501 2101 amore
531 2064 757 2114 animique
790 2065 1080 2115 propensione
1110 2065 1353 2107 dictitabat.
1387 2066 1539 2115 paucis
1573 2065 1733 2115 accipe.
1766 2063 1972 2103 Societati

354 2131 528 2167 nostrae
561 2129 673 2167 bona
703 2141 753 2167 ea
783 2131 1044 2168 testamento
1074 2130 1254 2180 legauit.
1286 2142 1398 2180 quae
1429 2131 1571 2169 tribus
1604 2129 1803 2179 collegiis
1842 2131 1972 2168 collo-

353 2194 508 2232 candis
528 2202 560 2241 μ’,
593 2194 688 2232 siue
723 2205 897 2233 annuos
939 2197 1224 2239 commeatus,
1256 2195 1351 2234 siue
1391 2195 1580 2233 fabricae
1623 2194 1970 2233 aedificationem

352 2260 535 2307 spectes,
559 2258 734 2297 abunde
755 2259 1001 2299 sufficiant:
1027 2273 1217 2309 quorum
1237 2274 1379 2299 mrmn
1403 2259 1418 2284 ¹¹
1453 2259 1662 2310 Byliomi:
1692 2259 1936 2298 secundnm
1963 2257 1982 2283 Υ

355 2322 565 2367 Lutetiae,
598 2323 774 2362 tertium
801 2323 815 2348 ¹<
853 2323 897 2361 in
941 2324 1103 2373 oppido
1149 2324 1460 2375 moriaquensi.
1509 2324 1593 2362 Pro
1624 2324 1789 2362 fabrica
1833 2323 1970 2361 nostri

352 2390 514 2437 septxe'es
545 2388 662 2426 mille
690 2386 696 2412 ¹
728 2390 767 2426 et
812 2389 1080 2438 quingentos
1124 2401 1281 2427 aureos
1320 2389 1508 2439 legauit;
1553 2400 1716 2439 proque
1759 2399 1972 2426 commea-

352 2451 472 2490 tibus
506 2453 668 2491 annuis
708 2454 831 2491 mille
870 2456 1133 2502 qucinqeutos
1154 2461 1179 2478 ¹¹¹
1211 2453 1291 2491 liar
1335 2454 1425 2503 tege
1464 2455 1626 2494 tamen,
1668 2455 1715 2491 ut
1746 2456 1797 2491 19
1819 2460 1836 2477 ¹¹
1870 2464 1971 2502 pau-

413 2572 428 2589 ει
451 2563 534 2604 Seq.
560 2565 631 2595 del.
657 2566 769 2605 atque
804 2574 921 2596 secus.
948 2584 985 2586 —
1010 2565 1027 2591 b
1048 2565 1190 2605 amplae
1225 2565 1309 2596 illae
1342 2565 1538 2596 facultates
1569 2564 1891 2596 distribuerentur.
1932 2582 1970 2585 —-

352 2625 365 2641 ‹·
393 2616 546 2648 [emend.
572 2627 629 2648 «ω’.
656 2626 751 2648 nom.
778 2637 815 2639 ἡ
839 2618 856 2644 d
877 2619 1010 2658 quater
1032 2627 1155 2658 snpra
1180 2627 1280 2649 vers.
1306 2637 1342 2639 —
1372 2626 1387 2644 ι’
1414 2617 1537 2649 Prius
1564 2626 1686 2658 quam.
1714 2636 1749 2638 —
1775 2618 1787 2643 f
1810 2616 1892 2648 Del.
1918 2617 1970 2647 in-

352 2669 535 2701 discibilis
560 2679 682 2710 prope.
708 2689 746 2691 -<—
770 2679 788 2701 a*
809 2670 1094 2702 constituendis.
1120 2690 1156 2691 ψ
1183 2670 1198 2695 h
1220 2670 1348 2710 primo.
1378 2689 1416 2691 s
1441 2671 1449 2696 i
1475 2670 1648 2702 secundo.
1673 2689 1712 2691 —
1736 2671 1754 2695 k
1775 2670 1895 2701 tertio.
1932 2688 1970 2691 —

354 2722 358 2746 Ι
388 2723 525 2761 septem
552 2722 677 2754 millia.
708 2742 747 2743 j
773 2731 796 2748 ¹¹1
820 2724 965 2763 praeter
988 2723 1243 2763 septingentos
1267 2732 1409 2755 aureos.
1441 2732 1534 2763 quos
1568 2723 1671 2763 prius
1702 2722 1967 2759 destinauerat,

350 2777 423 2806 fere
449 2775 546 2806 mille
569 2775 673 2806 alios,
699 2794 737 2796 —
761 2784 778 2801 n
802 2777 850 2806 18.

415 2877 421 2893 ¹
447 2875 569 2907 Mense
594 2876 689 2907 maio
722 2876 797 2907 1561
833 2876 947 2907 missa
982 2876 1053 2907 iam
1089 2876 1175 2907 illuc
1210 2877 1284 2907 erat
1318 2876 1461 2907 malonia
1485 2877 1544 2915 (cf.
1570 2876 1734 2907 Polaozci
1762 2875 1914 2915 (Ιοηψῖ.1
1940 2875 1966 2907 l.

351 2929 423 2968 2459)
446 2930 482 2960 et
505 2929 564 2960 die
588 2930 627 2960 25
650 2929 749 2960 Iunii
774 2930 902 2961 nostri.
930 2929 1116 2961 veteribus
1140 2929 1330 2970 magistris
1354 2929 1623 2968 recedentibus.
1642 2929 1825 2961 litteraria
1843 2929 1967 2960 studia

350 2982 533 3022 auspicati
559 2983 658 3014 sunt.
683 2982 734 3014 Cf.
760 2981 994 3013 SACufflNUM:
1023 2981 1120 3013 Hisz‘.
1146 2982 1229 3013 Soc.
1255 2982 1356 3013 Iesu.
1376 2991 1410 3022 p.
1430 2982 1473 3018 ΙΙ,
1492 2982 1554 3014 lib.
1573 2982 1615 3021 V,
1637 2991 1671 3014 n.
1700 2982 1778 3021 1903
1805 2981 1969 3019 FOUQUE-

353 3043 445 3065 mr:
476 3035 647 3066 lli-stairo
672 3035 716 3066 de
740 3035 777 3065 Ia
807 3034 1042 3075 Compaynie
1066 3035 1110 3066 cle
1133 3035 1249 3066 Je'sns
1271 3044 1316 3066 en
1342 3034 1505 3066 Fraus-e.
1533 3035 1557 3067 l.
1584 3036 1646 3067 liv.
1671 3036 1701 3073 02,
1720 3035 1825 3075 chap.
1844 3034 1937 3066 VIII.
