2099 3516
489 249 569 285 570.
597 269 640 275 —-
666 249 911 284 VINDOBONA
938 248 955 283 1
985 247 1240 283 SEPTEMBRIS
1268 247 1355 282 1561
1626 245 1696 281 505

113 368 273 409 litteris
301 379 352 408 ac
380 367 542 419 pietate
571 367 837 407 erudiendos
866 365 1162 407 committunt.
1193 365 1276 404 Tot
1304 364 1541 415 siquidem,
1564 365 1743 414 tamque

113 434 391 473 diuersarum
409 432 638 472 nationum
657 432 863 479 studiosi,
882 431 929 470 in
945 431 1030 470 hoc
1049 432 1201 470 nostro
1221 429 1409 480 collegio
1430 428 1739 468 inueniuntur.

115 498 165 537 In
194 497 369 549 magnis
398 504 504 537 uero
534 497 764 548 religionis
794 496 985 547 negotijs
1018 494 1337 546 componendis
1366 505 1417 533 ac
1446 492 1740 544 perficiendis,

85 564 366 603 ¹nostrorum
396 573 530 613 opera
559 562 605 601 in
636 562 807 612 primis,
839 561 989 612 magni
1020 560 1152 599 etiam
1187 559 1268 599 viri
1303 569 1630 608 nonnunquam
1660 557 1744 596 hoc

112 630 307 679 tempore
337 627 407 667 usi
438 629 542 666 sunt
571 627 793 673 Viennae,
827 637 1151 676 nonnunquam
1181 625 1313 664 etiam
1344 635 1522 663 omnem
1564 633 1743 673 operam

112 693 428 740 adhibuerunt,
460 694 509 732 ut
538 692 643 731 hinc
673 692 762 731 alio
791 703 955 737 secum,
1003 691 1160 730 harum
1192 701 1338 729 rerum
1368 687 1743 739 expediendarum

112 757 200 797 iam
231 765 264 805 ἃ,
296 757 490 808 aliquem
520 769 543 796 e
572 757 759 808 collegio
789 756 1071 796 abducerent.
1119 755 1171 794 Et
1214 766 1302 805 quo
1342 753 1519 792 facilius
1549 752 1594 791 id
1624 762 1744 791 asse-

111 825 307 874 quantur
345 823 452 873 (non
481 822 599 862 enim
644 823 705 862 ita
747 822 893 862 ociose
936 832 1095 871 panem
1125 832 1257 859 suum
1289 819 1555 858 viennenses
1585 816 1741 860 nostri,

112 888 203 928 Deo
232 888 346 934 laus,
377 887 629 935 comedunt,
663 890 709 927 ut
740 887 867 926 facile
896 886 1002 925 hinc
1049 885 1153 931 alio,
1203 883 1495 935 grauissimas
1524 882 1657 921 etiam
1687 881 1744 920 ob

111 966 284 1000 causas,
309 953 526 1004 proficisci
556 954 753 1004 queant),
785 951 973 1003 collegia
1002 950 1211 991 Societati
1242 952 1419 989 nostrae
1453 948 1644 999 erigunt,
1667 948 1745 986 aut

111 1019 164 1058 de
193 1018 416 1070 erigendis
445 1020 559 1058 certe
588 1018 795 1069 pluribus
824 1017 974 1057 uerbis
1003 1028 1103 1056 cum
1134 1016 1318 1055 Rectore
1348 1015 1500 1053 nostro
1521 1024 1573 1052 ex
1594 1011 1744 1051 animo

110 1086 262 1135 agunt.
294 1084 358 1123 Ac
388 1096 442 1123 ne
472 1083 737 1134 generaliter
765 1082 1003 1122 admodum
1035 1081 1118 1120 hoc
1147 1080 1314 1120 dictum
1346 1079 1565 1124 uideatur,
1606 1088 1744 1116 vnum

110 1151 243 1200 atque
272 1149 460 1188 alterum
490 1149 741 1200 exemplum
770 1148 857 1187 huc
891 1147 1102 1186 adferam.

189 1214 255 1254 33.
288 1214 412 1254 R.¹³¹¹¹S
451 1213 812 1264 archiepiscopus
861 1211 1221 1264 st[r]ygoniensis
1261 1213 1290 1257 1,
1327 1221 1529 1249 summus
1576 1207 1745 1247 cancel-

110 1279 265 1326 larius,
299 1291 349 1318 ac
378 1291 402 1318 3
433 1279 614 1318 secretis
645 1278 769 1329 regni
800 1277 1056 1328 Hungariae
1087 1276 1327 1327 primarius
1364 1275 1481 1325 apud
1512 1273 1743 1314 Caesarem

111 1343 440 1384 Ferdinandum
472 1344 680 1395 primum,
713 1355 811 1383 cum
844 1343 1079 1394 praeterito
1110 1353 1228 1381 anno
1258 1341 1565 1380 dioecesanam
1596 1350 1744 1389 praes-

110 1409 361 1461 hyterorum
394 1412 569 1449 tantum
599 1409 819 1461 synodum
851 1408 1101 1460 Tyrnauiae
1145 1407 1396 1454 indixisset,
1428 1417 1478 1445 ac
1507 1404 1743 1456 quemdam

110 1486 163 1514 ex
192 1475 358 1514 nostris
388 1475 514 1514 iussu
545 1474 746 1514 Caesaris
777 1474 881 1513 hinc
910 1485 961 1513 eo
990 1484 1136 1512 secum
1170 1472 1385 1519 duxisset,
1409 1471 1464 1510 ad
1494 1470 1622 1509 cuius
1647 1480 1745 1508 sen-

110 1540 293 1580 tentiam
324 1541 474 1579 omnia
505 1552 585 1579 sua
615 1540 819 1585 consilia,
852 1541 893 1579 et
923 1539 1091 1578 maiora
1122 1537 1281 1589 synodi
1311 1536 1489 1587 negotia
1519 1537 1586 1581 (ut
1615 1536 1744 1574 antea

111 1606 158 1645 P.
192 1606 241 1646 T.
274 1606 326 1645 R.
360 1606 444 1645 fuit
487 1606 614 1657 plene
658 1605 888 1656 scriptum)
930 1606 944 1629 2
984 1604 1152 1650 efinxit,
1202 1603 1292 1655 egit
1339 1604 1491 1654 postea
1538 1601 1652 1640 serio
1691 1600 1744 1639 de

108 1671 386 1723 tyrnauiensi
416 1671 626 1722 erigendo
656 1671 866 1721 collegio;
900 1670 1019 1721 quod
1050 1669 1214 1710 Christi
1263 1668 1420 1720 gratia,
1458 1667 1625 1706 fabrica
1655 1678 1743 1705 ma·

109 1735 254 1775 teriali
284 1738 464 1786 excepta
496 1740 625 1787 (quae
654 1738 803 1775 tamen
834 1735 1048 1775 foeliciter
1078 1735 1181 1781 iam,
1205 1734 1296 1773 Deo
1318 1733 1432 1779 laus,
1455 1732 1599 1782 coepit
1618 1743 1744 1770 exur-

109 1802 224 1852 gere)
256 1801 431 1841 effectui
461 1803 527 1840 est
556 1801 887 1840 demandatum.

189 1867 254 1906 34.
288 1866 382 1906 Hoc
411 1878 517 1906 uero
538 1878 672 1909 anno,
695 1878 795 1906 cum
818 1866 913 1917 pari
936 1866 1106 1905 ratione
1137 1865 1254 1905 idem
1284 1865 1514 1908 tentasset,
1546 1875 1596 1903 ac
1626 1862 1744 1913 apud

110 1930 341 1972 Caesarem
372 1931 573 1977 ursisset,
605 1931 834 1971 descendit
863 1931 1021 1971 iterum
1047 1930 1229 1981 quidam
1260 1942 1313 1969 ex
1344 1929 1510 1969 nostris
1540 1929 1595 1968 ad
1625 1939 1745 1979 repe-

109 1996 236 2036 titam
266 1997 487 2048 synodum
516 1997 866 2048 tyrnauiensem,
904 1999 952 2036 ut
988 1997 1038 2037 R.
1071 1996 1119 2036 T.
1154 1996 1199 2036 P.
1232 1995 1442 2046 Patrique
1476 1993 1744 2046 prouinciali

109 2061 350 2112 placuerat,
382 2062 472 2108 vbi,
504 2064 677 2112 praeter
706 2061 796 2101 alia
816 2062 971 2107 multa,
1004 2073 1132 2112 quae,
1166 2060 1344 2101 Christo
1374 2060 1488 2106 laus,
1521 2059 1744 2110 praeclare

109 2126 289 2165 fuerunt
318 2126 539 2174 instituta,
572 2129 704 2178 atque
743 2127 962 2177 expedita,
1009 2126 1121 2166 illud
1163 2125 1359 2172 tandem,
1406 2125 1525 2176 quod
1570 2124 1745 2163 videtur

110 2191 369 2238 maximum,
404 2194 502 2242 post
532 2192 784 2242 frequentes
822 2192 929 2231 anni
970 2191 1210 2242 praeteriti,
1251 2193 1384 2241 atque
1414 2190 1565 2237 huius,
1599 2189 1744 2228 Patris

109 2256 248 2304 illius,
280 2257 336 2296 ad
365 2257 531 2296 clerum
566 2257 730 2296 latinas
768 2257 1124 2304 exhortationes,
1167 2258 1264 2308 post
1306 2256 1481 2307 priuata
1520 2254 1744 2306 colloquia

110 2321 252 2372 plura,
285 2324 384 2372 post
413 2321 501 2361 alia
531 2334 621 2361 non
653 2334 792 2372 pauca
821 2322 877 2361 ad
907 2322 951 2361 id
981 2314 1196 2370 eiusdem,
1237 2324 1370 2372 atque
1409 2321 1599 2360 aliorum
1638 2331 1744 2359 con-

109 2386 212 2425 silio
241 2398 267 2425 a
298 2387 403 2426 Β.ωο
438 2387 769 2426 accommodata
813 2387 956 2426 media
1001 2387 1218 2433 adhibita,
1265 2398 1422 2426 sumus
1460 2384 1741 2435 consequuti,

110 2453 158 2491 ut
186 2463 341 2491 omnes
370 2451 496 2491 illius
524 2452 754 2498 dioecesis,
787 2464 874 2492 vno
896 2454 1092 2503 excepto,
1112 2452 1201 2502 ‘qui
1233 2452 1409 2503 publice
1439 2451 1634 2501 quidem,
1667 2450 1743 2489 sed

109 2517 244 2556 verbo
273 2519 404 2556 tenus
432 2518 623 2564 tantum,
656 2517 741 2556 fuit
773 2517 1020 2568 depositus,
1053 2517 1107 2557 ad
1138 2517 1404 2557 catholicam
1439 2516 1571 2556 fidem
1601 2527 1743 2555 sacer-

108 2581 234 2621 dotes
262 2584 412 2622 curate
442 2582 667 2622 redierunt
696 2582 830 2635 [sic],·
859 2583 951 2634 qui,
983 2583 1203 2623 abiuratis
1228 2582 1505 2629 haeresibus,
1538 2584 1745 2621 constan-

108 2647 197 2686 tiae
226 2649 268 2686 et
297 2647 663 2696 abdicandarum,
697 2649 814 2688 intra
843 2651 1011 2688 certum
1046 2649 1241 2699 spatium
1276 2648 1503 2699 temporis,
1536 2646 1744 2687 concubi-

171 2802 190 2821 a
209 2794 288 2827 Sic.
306 2804 378 2827 m&
404 2794 588 2828 Fortasse
605 2795 728 2837 prius
751 2796 946 2837 scriptum
969 2798 1057 2828 erat
1079 2805 1205 2828 causa.

172 2933 182 2950 ¹
205 2931 381 2964 Nicolaus
405 2930 558 2963 Olahus.

172 2986 184 3004 ²
206 2984 257 3017 Cf.
281 2985 377 3017 Litt.
406 2983 613 3024 Quadrim.
639 2984 698 3025 VI,
717 2986 865 3018 760-762.
891 2985 968 3018 Hoc
1002 2994 1100 3018 anno
1123 2986 1221 3018 idem
1245 2985 1282 3018 P.
1301 2985 1467 3017 Victoria
1490 2984 1536 3016 ad
1560 2984 1742 3025 synodum

110 3038 386 3078 tyrnaviensem
409 3039 466 3070 est
489 3038 640 3070 111133113.
