2099 3516
376 269 458 305 576.
485 291 528 294 —
556 269 790 306 ΜΕΤΗῩΜΝΑ
817 269 949 306 CAMPI
975 269 998 305 5
1024 269 1280 305 SEPTEMBms
1309 269 1394 304 1561
1587 268 1657 304 539

77 399 228 427 eorum
259 387 489 434 sedulitas,
521 388 685 438 quibus
715 387 956 427 domestica
994 387 1136 426 officia
1176 389 1281 426 sunt
1315 387 1495 433 credita,
1529 388 1703 427 tametsi

80 449 268 503 magnus
297 452 396 491 istis
426 452 677 503 impendeat
716 453 864 500 labor3
898 464 999 491 nam
1045 452 1172 502 pauci
1217 464 1314 491 cum
1361 452 1466 499 sint,
1499 452 1704 502 plurimis

78 516 274 568 negociis
303 518 599 568 occupantur;
646 518 760 558 nulli
805 519 950 556 tamen
997 517 1074 556 Dei
1118 517 1287 556 auxilio
1333 517 1488 556 fratres
1526 517 1700 556 desunt.

77 582 140 621 Ex
177 581 362 621 coeteris
404 581 585 633 quidam
630 583 841 633 legendae
884 581 1196 632 grammaticae
1240 582 1349 620 dant
1393 593 1571 632 operam
1615 593 1703 620 non

76 647 173 687 sine
202 647 498 698 spectantium
526 648 705 699 gaudio,
728 647 1134 698 aedificationeque.
1168 647 1478 698 Preceptorum
1508 647 1704 686 laborem

76 712 246 752 fructus
276 712 434 763 ingens
463 713 773 764 consequitur3
805 714 963 751 curant
992 712 1108 751 enim
1136 715 1180 751 ut
1211 711 1465 751 scholastici
1499 718 1702 762 (quorum

77 789 288 817 numerus
317 777 473 817 crescit
504 777 547 817 in
579 778 688 828 dies)
720 780 813 817 tum
844 777 1001 825 literis,
1035 779 1127 817 tum
1159 778 1323 817 uirtute
1354 777 1612 816 clarescant.

154 842 192 881 2.
226 841 594 883 Confessionibus
625 842 860 883 audiendis
892 844 1052 882 uacant
1081 843 1354 888 sacerdote&
1387 842 1490 892 alijs
1520 842 1703 881 insimul

75 907 342 947 incumbunt
379 907 692 959 spiritualibus
730 908 966 959 exercitijs,
1013 908 1163 959 qualia
1208 908 1351 959 poscit
1392 907 1603 955 Societas,
1648 907 1703 946 ad

74 984 188 1023 quae
217 973 273 1012 ab
302 973 464 1012 exteris
507 974 771 1020 inuitantur,
818 985 974 1024 nempe
1005 975 1052 1012 ut
1082 973 1242 1012 solatio
1285 973 1376 1012 sint
1419 973 1464 1011 in
1509 984 1704 1011 moerore

74 1037 247 1089 positis,
280 1030 416 1089 utque
446 1039 726 1078 moribundis
766 1038 1003 1083 assistant;
1049 1038 1214 1089 quibus
1258 1038 1519 1078 muneribus
1562 1037 1703 1077 nostri

74 1102 324 1154 funguntur
344 1115 444 1142 cum
467 1104 660 1143 maximo
682 1106 748 1153 (ut
769 1105 880 1153 reor)
906 1103 1208 1154 proximorum
1229 1103 1460 1143 commodo
1486 1103 1700 1142 omnium.

73 1168 341 1219 Saepissime
370 1169 687 1209 confitentibus
715 1169 870 1208 adesse
905 1169 1156 1208 sacerdotes
1192 1170 1367 1208 nostros
1403 1168 1700 1208 necessarium

73 1235 153 1273 est.
187 1233 438 1273 Fatentium
482 1246 694 1274 numerus
738 1247 827 1274 non
872 1235 930 1273 ita
977 1234 1146 1285 pridem
1190 1234 1334 1285 coepit
1378 1245 1626 1273 excrescere
1657 1233 1702 1272 in

74 1300 261 1347 tantum,
295 1301 343 1338 ut
372 1299 497 1339 nulla
528 1299 615 1339 fere
637 1299 730 1339 dies
763 1302 1020 1350 praetereat,
1048 1299 1158 1350 quin
1188 1299 1264 1350 qui
1295 1299 1637 1346 communicent,
1662 1300 1704 1338 et

73 1362 266 1402 animam
298 1363 477 1413 expient
505 1364 625 1403 domi
663 1366 838 1403 nostrae
870 1364 1116 1403 videantur.
1151 1364 1292 1403 Taceo
1313 1363 1431 1415 quod
1462 1364 1586 1403 festis
1615 1363 1705 1402 die—

73 1428 171 1475 bus,
205 1428 394 1467 maxime
425 1429 471 1468 in
501 1429 845 1478 solennissimis‚
881 1429 1009 1468 multi
1040 1429 1282 1469 confluant.
1330 1429 1490 1469 Uidere
1535 1428 1619 1468 fuit
1657 1428 1703 1467 in

74 1492 184 1549 festo
206 1493 540 1544 Assumptionis
570 1494 853 1533 beatissimae
875 1494 1074 1545 Virginis
1097 1506 1238 1545 nuper
1258 1494 1424 1544 elapso,
1448 1506 1536 1545 quo
1558 1494 1704 1533 dome-

72 1557 170 1597 stici
194 1558 346 1597 Patres
366 1559 688 1598 confessionem
714 1559 800 1598 fere
821 1562 996 1599 centum
1015 1562 1057 1599 et
1073 1560 1399 1611 quinquaginta
1416 1559 1701 1599 audiuerunt.

151 1624 188 1663 3.
224 1624 352 1663 Pater
382 1626 536 1666 rector.
573 1627 742 1675 praeter
770 1637 901 1676 quam
926 1625 1044 1676 quod
1065 1625 1246 1664 domum
1270 1625 1395 1675 regit,
1419 1626 1460 1663 et
1481 1636 1527 1664 se
1549 1623 1704 1675 gnaui—

72 1691 137 1729 ter
171 1692 341 1729 exercet
362 1690 407 1729 in
432 1690 692 1741 ministerijs
722 1691 903 1730 Patrum
931 1693 1220 1739 coeterorum,
1253 1691 1509 1730 concionem
1542 1690 1703 1729 habere

72 1754 232 1794 solitus
262 1757 342 1802 est,
375 1755 503 1795 cuius
546 1767 772 1795 sermones
816 1758 907 1795 tam
948 1757 990 1795 in
1030 1756 1223 1795 maximo
1267 1756 1447 1806 templo,
1493 1767 1624 1807 quam
1657 1755 1703 1794 in

71 1819 298 1870 coenobijs
319 1822 361 1859 et
383 1820 527 1860 medio
558 1820 652 1860 foro
684 1821 813 1871 (solet
842 1821 957 1860 enim
991 1821 1235 1872 aliquando
1267 1833 1466 1860 mensam
1495 1832 1704 1859 conscen-

71 1885 172 1924 dere
201 1887 257 1929 et,
291 1885 578 1925 multitudine
612 1889 879 1937 congregata
918 1887 1118 1926 uirorum
1158 1887 1375 1938 cuiusque
1414 1885 1700 1933 conditionis,

71 1949 117 1988 in
147 1950 431 1990 celeberrima
463 1951 790 2002 methymnensi
836 1952 980 2002 platea
1024 1954 1176 1991 contra
1221 1952 1388 1991 scelera
1430 1950 1700 2001 debachari),

71 2015 161 2054 Deo
194 2015 364 2066 placere
394 2016 507 2055 nulli
539 2028 626 2055 non
661 2016 874 2057 iudicant.

149 2080 187 2120 4.
222 2080 452 2120 Praeterea
482 2080 646 2121 Christi
677 2081 894 2130 doctrina,
928 2082 990 2121 uti
1024 2094 1118 2121 mos
1147 2084 1227 2130 est,
1260 2082 1436 2121 canitur
1464 2081 1703 2120 dominicis

69 2147 112 2184 et
154 2145 278 2185 festis
321 2146 495 2193 diebus,
541 2147 618 2186 sed
661 2149 896 2198 postquam
942 2147 1098 2186 fratres
1138 2147 1274 2187 calles
1318 2147 1699 2198 per-ambularunt,

70 2210 316 2250 deueniunt
345 2210 391 2250 in
420 2211 608 2262 plateam
643 2212 717 2251 ubi
763 2224 896 2263 super
940 2224 1154 2260 mensam,
1201 2213 1454 2252 astantibus
1499 2211 1701 2263 paruulis

69 2276 110 2314 et
139 2275 321 2320 adultis,
354 2277 512 2316 deuote
542 2277 788 2316 doctrinam
820 2278 1122 2317 modulantur.

148 2340 185 2379 5.
220 2340 397 2380 Festum
443 2341 723 2381 Sanctissimi
769 2341 976 2393 Corporis
1021 2342 1185 2382 Christi
1216 2343 1485 2382 celebratum
1516 2344 1581 2381 est
1612 2353 1701 2381 uno

70 2405 186 2445 intra
230 2408 434 2446 octauam
479 2407 564 2454 die,
611 2407 699 2447 ritu
742 2408 918 2458 quidem
968 2408 1300 2453 solennissimo,
1347 2408 1416 2447 cui
1463 2407 1701 2447 interfuere

70 2470 266 2520 plurimi,
299 2473 341 2511 et
370 2471 415 2510 in
446 2472 517 2511 his
547 2472 717 2523 aliquot
749 2473 945 2522 religiosi
968 2475 1010 2512 et
1030 2475 1232 2513 cantores
1265 2473 1461 2512 matricis
1491 2472 1701 2512 ecclesiae

69 2547 160 2574 non
190 2536 347 2577 vocati.
379 2536 609 2587 Templum
636 2539 678 2576 et
708 2537 791 2577 loci
816 2550 891 2588 per
920 2550 1033 2588 quos
1064 2538 1287 2589 processio
1320 2538 1499 2589 transth
1529 2537 1700 2576 aulaeis

70 2600 357 2652 mirificisque
400 2601 579 2653 tapetijs
609 2603 754 2641 ornati
785 2605 904 2644 sunt.
951 2603 1132 2643 Peracta
1177 2616 1351 2654 pompa,
1396 2604 1524 2642 Pater
1560 2604 1701 2641 rector

71 2665 342 2715 praedicauit
381 2666 559 2717 optime.
607 2666 765 2707 Omnia
810 2680 923 2719 quae
967 2668 1038 2708 his
1083 2668 1129 2708 in
1179 2668 1397 2720 solennijs
1427 2668 1696 2715 acciderunt,

69 2731 355 2771 uenientibus
375 2744 548 2771 summe
573 2733 846 2783 placuerunt.
881 2734 987 2773 Post
1016 2734 1242 2773 meridiem
1274 2734 1573 2773 celebritatem
1603 2743 1699 2771 eam

69 2795 220 2835 haberi
252 2797 489 2836 consilium
522 2797 629 2844 fuit3
671 2810 759 2849 quo
790 2798 953 2838 factum
984 2801 1066 2847 est,
1100 2802 1147 2838 ut
1189 2799 1387 2849 conuiuij
1435 2798 1700 2849 prandijque

71 2861 271 2900 molestia
302 2861 532 2909 uit-aretur,
565 2874 678 2913 quae
708 2863 841 2903 solita
870 2866 935 2903 est
966 2864 1128 2903 bonam
1172 2864 1259 2904 sibi
1299 2864 1397 2903 festi
1432 2863 1569 2903 huius
1599 2875 1698 2914 par-

68 2927 152 2964 tem
186 2926 435 2966 uendicare.

146 2991 185 3031 6.
220 2991 313 3031 Hoc
342 2991 389 3031 in
419 2992 606 3043 collegio
628 2993 752 3032 salus
782 2996 848 3033 est
876 2996 918 3033 et
949 2994 1156 3034 valetudo
1187 2994 1374 3046 integra,
1406 2995 1494 3034 nisi
1523 2996 1698 3034 tantum

68 3056 146 3095 uni
176 3057 253 3107 qui
284 3056 328 3096 in
359 3057 472 3097 lecto
502 3058 634 3097 cubat
663 3060 704 3098 et
734 3059 861 3110 graui
902 3061 1055 3099 morbo
1093 3060 1328 3101 detinetur.
1369 3060 1595 3100 Hactenus
1624 3061 1699 3101 do-
