<?xml version="1.0" encoding="UTF-8"?>
<!DOCTYPE html PUBLIC "-//W3C//DTD XHTML 1.0 Transitional//EN"
    "http://www.w3.org/TR/xhtml1/DTD/xhtml1-transitional.dtd">
<html xmlns="http://www.w3.org/1999/xhtml" xml:lang="en" lang="en">
 <head>
  <title>
</title>
<meta http-equiv="Content-Type" content="text/html;charset=utf-8" />
  <meta name='ocr-system' content='tesseract 3.04.00' />
  <meta name='ocr-capabilities' content='ocr_page ocr_carea ocr_par ocr_line ocrx_word'/>
</head>
<body>
  <div class='ocr_page' id='page_1' title='image "./litteraequadrime19lain_0811.png"; bbox 0 0 2099 3516; ppageno 0'>
   <div class='ocr_carea' id='block_1_1' title="bbox 506 305 1697 345">
    <p class='ocr_par' dir='ltr' id='par_1_1' title="bbox 506 305 1697 345">
     <span class='ocr_line' id='line_1_1' title="bbox 506 305 1697 345; baseline -0.002 -2"><span class='ocrx_word' id='word_1_1' title='bbox 506 308 586 344; x_wconf 57' lang='lat'>6⁹28.</span> <span class='ocrx_word' id='word_1_2' title='bbox 614 329 657 334; x_wconf 92' lang='lat'>—-</span> <span class='ocrx_word' id='word_1_3' title='bbox 684 308 870 345; x_wconf 65' lang='lat' dir='ltr'>Bormum</span> <span class='ocrx_word' id='word_1_4' title='bbox 900 308 944 345; x_wconf 88' lang='grc'>10</span> <span class='ocrx_word' id='word_1_5' title='bbox 970 308 1199 345; x_wconf 74' lang='lat' dir='ltr'><strong>FEBRUARH</strong></span> <span class='ocrx_word' id='word_1_6' title='bbox 1232 307 1321 343; x_wconf 62' lang='lat' dir='ltr'>156Q</span> <span class='ocrx_word' id='word_1_7' title='bbox 1628 305 1697 341; x_wconf 78' lang='lat'>785</span> 
     </span>
    </p>
   </div>
   <div class='ocr_carea' id='block_1_2' title="bbox 112 425 1762 2817">
    <p class='ocr_par' dir='ltr' id='par_1_2' title="bbox 112 425 1760 2491">
     <span class='ocr_line' id='line_1_2' title="bbox 112 425 1745 477; baseline -0.001 -12"><span class='ocrx_word' id='word_1_8' title='bbox 112 429 328 477; x_wconf 85' lang='lat' dir='ltr'>tempore,</span> <span class='ocrx_word' id='word_1_9' title='bbox 356 425 394 465; x_wconf 92' lang='lat' dir='ltr'>si</span> <span class='ocrx_word' id='word_1_10' title='bbox 423 426 603 476; x_wconf 85' lang='lat' dir='ltr'>quando</span> <span class='ocrx_word' id='word_1_11' title='bbox 633 427 698 466; x_wconf 92' lang='lat' dir='ltr'>illi</span> <span class='ocrx_word' id='word_1_12' title='bbox 729 427 860 466; x_wconf 90' lang='lat' dir='ltr'>domo</span> <span class='ocrx_word' id='word_1_13' title='bbox 902 427 1153 467; x_wconf 80' lang='lat' dir='ltr'>exeundum</span> <span class='ocrx_word' id='word_1_14' title='bbox 1198 426 1296 474; x_wconf 86' lang='lat' dir='ltr'>fuit,</span> <span class='ocrx_word' id='word_1_15' title='bbox 1329 425 1493 465; x_wconf 85' lang='lat' dir='ltr'>relictis</span> <span class='ocrx_word' id='word_1_16' title='bbox 1522 425 1603 464; x_wconf 58' lang='lat'>49¹·</span> <span class='ocrx_word' id='word_1_17' title='bbox 1631 435 1745 475; x_wconf 87' lang='lat' dir='ltr'>quos</span> 
     </span>
     <span class='ocr_line' id='line_1_3' title="bbox 114 487 1746 539; baseline -0.003 -8"><span class='ocrx_word' id='word_1_18' title='bbox 114 503 267 531; x_wconf 84' lang='lat' dir='ltr'>secum</span> <span class='ocrx_word' id='word_1_19' title='bbox 297 502 350 530; x_wconf 87' lang='lat' dir='ltr'>ex</span> <span class='ocrx_word' id='word_1_20' title='bbox 379 497 397 516; x_wconf 60' lang='grc' dir='ltr'>ἃ</span> <span class='ocrx_word' id='word_1_21' title='bbox 418 490 649 530; x_wconf 75' lang='lat' dir='ltr'>Lusitania</span> <span class='ocrx_word' id='word_1_22' title='bbox 679 492 866 531; x_wconf 81' lang='lat' dir='ltr'>duxerat</span> <span class='ocrx_word' id='word_1_23' title='bbox 893 504 1063 539; x_wconf 87' lang='lat' dir='ltr'>seruos,</span> <span class='ocrx_word' id='word_1_24' title='bbox 1096 503 1185 531; x_wconf 89' lang='lat' dir='ltr'>non</span> <span class='ocrx_word' id='word_1_25' title='bbox 1228 490 1316 530; x_wconf 90' lang='lat' dir='ltr'>nisi</span> <span class='ocrx_word' id='word_1_26' title='bbox 1351 501 1490 530; x_wconf 90' lang='lat' dir='ltr'>unum</span> <span class='ocrx_word' id='word_1_27' title='bbox 1520 501 1572 529; x_wconf 85' lang='lat' dir='ltr'>ex</span> <span class='ocrx_word' id='word_1_28' title='bbox 1602 487 1746 527; x_wconf 87' lang='lat' dir='ltr'>fratri-</span> 
     </span>
     <span class='ocr_line' id='line_1_4' title="bbox 118 554 1746 607; baseline -0.002 -12"><span class='ocrx_word' id='word_1_29' title='bbox 118 556 217 603; x_wconf 92' lang='lat' dir='ltr'>bus,</span> <span class='ocrx_word' id='word_1_30' title='bbox 248 555 378 607; x_wconf 82' lang='lat' dir='ltr'>quasi</span> <span class='ocrx_word' id='word_1_31' title='bbox 408 554 640 595; x_wconf 86' lang='lat' dir='ltr'>Societatis</span> <span class='ocrx_word' id='word_1_32' title='bbox 683 559 859 596; x_wconf 85' lang='lat' dir='ltr'>nostrae</span> <span class='ocrx_word' id='word_1_33' title='bbox 903 557 1123 602; x_wconf 81' lang='lat' dir='ltr'>sacerdos,</span> <span class='ocrx_word' id='word_1_34' title='bbox 1154 555 1358 596; x_wconf 85' lang='lat' dir='ltr'>comitem</span> <span class='ocrx_word' id='word_1_35' title='bbox 1403 554 1672 600; x_wconf 82' lang='lat' dir='ltr'>assumebat,</span> <span class='ocrx_word' id='word_1_36' title='bbox 1704 554 1746 592; x_wconf 88' lang='lat' dir='ltr'>et</span> 
     </span>
     <span class='ocr_line' id='line_1_5' title="bbox 120 623 1747 678; baseline -0.002 -12"><span class='ocrx_word' id='word_1_37' title='bbox 120 626 342 667; x_wconf 87' lang='lat' dir='ltr'>uilissima</span> <span class='ocrx_word' id='word_1_38' title='bbox 370 626 503 666; x_wconf 88' lang='lat' dir='ltr'>etiam</span> <span class='ocrx_word' id='word_1_39' title='bbox 533 626 708 666; x_wconf 88' lang='lat' dir='ltr'>culinae</span> <span class='ocrx_word' id='word_1_40' title='bbox 737 627 883 667; x_wconf 28' lang='lat' dir='ltr'>officia*</span> <span class='ocrx_word' id='word_1_41' title='bbox 908 627 1027 667; x_wconf 90' lang='lat' dir='ltr'>domi</span> <span class='ocrx_word' id='word_1_42' title='bbox 1058 638 1265 678; x_wconf 83' lang='lat' dir='ltr'>peragere</span> <span class='ocrx_word' id='word_1_43' title='bbox 1294 638 1384 666; x_wconf 90' lang='lat' dir='ltr'>non</span> <span class='ocrx_word' id='word_1_44' title='bbox 1414 625 1549 665; x_wconf 91' lang='lat' dir='ltr'>semel</span> <span class='ocrx_word' id='word_1_45' title='bbox 1580 623 1747 664; x_wconf 88' lang='lat' dir='ltr'>uoluis—</span> 
     </span>
     <span class='ocr_line' id='line_1_6' title="bbox 115 689 1744 743; baseline -0.002 -11"><span class='ocrx_word' id='word_1_46' title='bbox 115 694 199 739; x_wconf 90' lang='lat' dir='ltr'>set,</span> <span class='ocrx_word' id='word_1_47' title='bbox 231 703 425 743; x_wconf 87' lang='lat' dir='ltr'>suasque</span> <span class='ocrx_word' id='word_1_48' title='bbox 453 691 609 742; x_wconf 82' lang='lat' dir='ltr'>culpas</span> <span class='ocrx_word' id='word_1_49' title='bbox 638 692 685 731; x_wconf 89' lang='lat' dir='ltr'>in</span> <span class='ocrx_word' id='word_1_50' title='bbox 716 692 955 732; x_wconf 87' lang='lat' dir='ltr'>coenaculo</span> <span class='ocrx_word' id='word_1_51' title='bbox 999 692 1184 732; x_wconf 86' lang='lat' dir='ltr'>fratrum</span> <span class='ocrx_word' id='word_1_52' title='bbox 1228 703 1348 731; x_wconf 88' lang='lat' dir='ltr'>more</span> <span class='ocrx_word' id='word_1_53' title='bbox 1384 691 1529 742; x_wconf 87' lang='lat' dir='ltr'>palam</span> <span class='ocrx_word' id='word_1_54' title='bbox 1559 689 1744 740; x_wconf 88' lang='lat' dir='ltr'>aperire,</span> 
     </span>
     <span class='ocr_line' id='line_1_7' title="bbox 119 754 1746 808; baseline -0.002 -11"><span class='ocrx_word' id='word_1_55' title='bbox 119 757 207 797; x_wconf 92' lang='lat' dir='ltr'>nisi</span> <span class='ocrx_word' id='word_1_56' title='bbox 237 757 346 796; x_wconf 91' lang='lat' dir='ltr'>haec</span> <span class='ocrx_word' id='word_1_57' title='bbox 374 758 416 796; x_wconf 91' lang='lat' dir='ltr'>et</span> <span class='ocrx_word' id='word_1_58' title='bbox 446 756 532 795; x_wconf 88' lang='lat' dir='ltr'>alia</span> <span class='ocrx_word' id='word_1_59' title='bbox 565 757 783 796; x_wconf 89' lang='lat' dir='ltr'>eiusmodi</span> <span class='ocrx_word' id='word_1_60' title='bbox 815 758 866 797; x_wconf 86' lang='lat' dir='ltr'>R.</span> <span class='ocrx_word' id='word_1_61' title='bbox 900 758 947 797; x_wconf 89' lang='lat' dir='ltr'>P.</span> <span class='ocrx_word' id='word_1_62' title='bbox 982 758 1139 797; x_wconf 85' lang='lat' dir='ltr'>Rector</span> <span class='ocrx_word' id='word_1_63' title='bbox 1182 757 1275 796; x_wconf 87' lang='lat' dir='ltr'>fieri</span> <span class='ocrx_word' id='word_1_64' title='bbox 1314 756 1640 808; x_wconf 86' lang='lat' dir='ltr'>prohibuisset;</span> <span class='ocrx_word' id='word_1_65' title='bbox 1672 754 1746 793; x_wconf 89' lang='lat' dir='ltr'>de-</span> 
     </span>
     <span class='ocr_line' id='line_1_8' title="bbox 119 820 1747 873; baseline -0.002 -13"><span class='ocrx_word' id='word_1_66' title='bbox 119 821 256 873; x_wconf 90' lang='lat' dir='ltr'>nique</span> <span class='ocrx_word' id='word_1_67' title='bbox 285 821 348 860; x_wconf 88' lang='lat' dir='ltr'>ita</span> <span class='ocrx_word' id='word_1_68' title='bbox 377 820 611 860; x_wconf 89' lang='lat' dir='ltr'>nobiscum</span> <span class='ocrx_word' id='word_1_69' title='bbox 642 823 846 861; x_wconf 88' lang='lat' dir='ltr'>uersatus</span> <span class='ocrx_word' id='word_1_70' title='bbox 875 824 955 869; x_wconf 89' lang='lat' dir='ltr'>est,</span> <span class='ocrx_word' id='word_1_71' title='bbox 978 824 1026 861; x_wconf 91' lang='lat' dir='ltr'>ut</span> <span class='ocrx_word' id='word_1_72' title='bbox 1047 823 1222 861; x_wconf 89' lang='lat' dir='ltr'>tantum</span> <span class='ocrx_word' id='word_1_73' title='bbox 1243 832 1324 860; x_wconf 92' lang='lat' dir='ltr'>nos</span> <span class='ocrx_word' id='word_1_74' title='bbox 1353 832 1405 860; x_wconf 83' lang='lat' dir='ltr'>ex</span> <span class='ocrx_word' id='word_1_75' title='bbox 1434 820 1532 859; x_wconf 91' lang='lat' dir='ltr'>eius</span> <span class='ocrx_word' id='word_1_76' title='bbox 1560 829 1747 859; x_wconf 91' lang='lat' dir='ltr'>consue-</span> 
     </span>
     <span class='ocr_line' id='line_1_9' title="bbox 119 883 1747 937; baseline -0.002 -12"><span class='ocrx_word' id='word_1_77' title='bbox 119 886 276 926; x_wconf 79' lang='lat' dir='ltr'>tudine</span> <span class='ocrx_word' id='word_1_78' title='bbox 305 885 628 925; x_wconf 83' lang='lat' dir='ltr'>consolationis</span> <span class='ocrx_word' id='word_1_79' title='bbox 657 886 946 936; x_wconf 77' lang='lat' dir='ltr'>coeperimus,</span> <span class='ocrx_word' id='word_1_80' title='bbox 978 888 1196 937; x_wconf 84' lang='lat' dir='ltr'>quantum</span> <span class='ocrx_word' id='word_1_81' title='bbox 1227 886 1321 936; x_wconf 91' lang='lat' dir='ltr'>ipse</span> <span class='ocrx_word' id='word_1_82' title='bbox 1349 897 1402 925; x_wconf 85' lang='lat' dir='ltr'>ex</span> <span class='ocrx_word' id='word_1_83' title='bbox 1432 885 1617 924; x_wconf 84' lang='lat' dir='ltr'>fratrum</span> <span class='ocrx_word' id='word_1_84' title='bbox 1647 883 1747 923; x_wconf 90' lang='lat' dir='ltr'>reli-</span> 
     </span>
     <span class='ocr_line' id='line_1_10' title="bbox 117 947 1748 1002; baseline -0.002 -11"><span class='ocrx_word' id='word_1_85' title='bbox 117 951 267 1002; x_wconf 84' lang='lat' dir='ltr'>gione,</span> <span class='ocrx_word' id='word_1_86' title='bbox 300 950 530 997; x_wconf 87' lang='lat' dir='ltr'>modestia,</span> <span class='ocrx_word' id='word_1_87' title='bbox 562 953 605 990; x_wconf 88' lang='lat' dir='ltr'>et</span> <span class='ocrx_word' id='word_1_88' title='bbox 634 951 848 990; x_wconf 85' lang='lat' dir='ltr'>charitate</span> <span class='ocrx_word' id='word_1_89' title='bbox 878 952 1047 991; x_wconf 87' lang='lat' dir='ltr'>fructus</span> <span class='ocrx_word' id='word_1_90' title='bbox 1068 963 1114 990; x_wconf 91' lang='lat' dir='ltr'>se</span> <span class='ocrx_word' id='word_1_91' title='bbox 1135 951 1339 991; x_wconf 87' lang='lat' dir='ltr'>retulisse</span> <span class='ocrx_word' id='word_1_92' title='bbox 1360 962 1438 1001; x_wconf 90' lang='lat' dir='ltr'>pro</span> <span class='ocrx_word' id='word_1_93' title='bbox 1459 962 1542 989; x_wconf 85' lang='lat' dir='ltr'>sua</span> <span class='ocrx_word' id='word_1_94' title='bbox 1570 948 1709 988; x_wconf 89' lang='lat' dir='ltr'>animi</span> <span class='ocrx_word' id='word_1_95' title='bbox 1731 947 1748 973; x_wconf 76' lang='lat' dir='ltr'>b</span> 
     </span>
     <span class='ocr_line' id='line_1_11' title="bbox 122 1013 1750 1067; baseline -0.002 -12"><span class='ocrx_word' id='word_1_96' title='bbox 122 1016 423 1056; x_wconf 86' lang='lat' dir='ltr'>moderatione</span> <span class='ocrx_word' id='word_1_97' title='bbox 452 1016 767 1063; x_wconf 84' lang='lat' dir='ltr'>confitebatur;</span> <span class='ocrx_word' id='word_1_98' title='bbox 800 1017 919 1067; x_wconf 87' lang='lat' dir='ltr'>quod</span> <span class='ocrx_word' id='word_1_99' title='bbox 949 1028 1037 1055; x_wconf 91' lang='lat' dir='ltr'>non</span> <span class='ocrx_word' id='word_1_100' title='bbox 1070 1017 1199 1055; x_wconf 88' lang='lat' dir='ltr'>modo</span> <span class='ocrx_word' id='word_1_101' title='bbox 1225 1016 1332 1066; x_wconf 83' lang='lat' dir='ltr'>quia</span> <span class='ocrx_word' id='word_1_102' title='bbox 1361 1015 1475 1055; x_wconf 88' lang='lat' dir='ltr'>scitu</span> <span class='ocrx_word' id='word_1_103' title='bbox 1506 1026 1582 1066; x_wconf 90' lang='lat' dir='ltr'>per</span> <span class='ocrx_word' id='word_1_104' title='bbox 1610 1026 1656 1053; x_wconf 93' lang='lat' dir='ltr'>se</span> <span class='ocrx_word' id='word_1_105' title='bbox 1685 1013 1750 1053; x_wconf 91' lang='lat' dir='ltr'>di-</span> 
     </span>
     <span class='ocr_line' id='line_1_12' title="bbox 120 1081 1747 1134; baseline -0.002 -12"><span class='ocrx_word' id='word_1_106' title='bbox 120 1082 387 1134; x_wconf 87' lang='lat' dir='ltr'>gnissimum</span> <span class='ocrx_word' id='word_1_107' title='bbox 418 1083 526 1123; x_wconf 80' lang='lat' dir='ltr'>erat.</span> <span class='ocrx_word' id='word_1_108' title='bbox 558 1081 634 1120; x_wconf 90' lang='lat' dir='ltr'>sed</span> <span class='ocrx_word' id='word_1_109' title='bbox 666 1082 805 1120; x_wconf 84' lang='lat' dir='ltr'>multo</span> <span class='ocrx_word' id='word_1_110' title='bbox 836 1082 992 1132; x_wconf 84' lang='lat' dir='ltr'>magis,</span> <span class='ocrx_word' id='word_1_111' title='bbox 1025 1084 1072 1121; x_wconf 88' lang='lat' dir='ltr'>ut</span> <span class='ocrx_word' id='word_1_112' title='bbox 1102 1081 1209 1129; x_wconf 86' lang='lat' dir='ltr'>dixi,</span> <span class='ocrx_word' id='word_1_113' title='bbox 1241 1082 1298 1120; x_wconf 94' lang='lat' dir='ltr'>ob</span> <span class='ocrx_word' id='word_1_114' title='bbox 1327 1093 1377 1120; x_wconf 91' lang='lat' dir='ltr'>ea</span> <span class='ocrx_word' id='word_1_115' title='bbox 1406 1092 1519 1131; x_wconf 87' lang='lat' dir='ltr'>quae</span> <span class='ocrx_word' id='word_1_116' title='bbox 1549 1091 1747 1131; x_wconf 91' lang='lat' dir='ltr'>sequun-</span> 
     </span>
     <span class='ocr_line' id='line_1_13' title="bbox 122 1143 1748 1196; baseline -0.002 -10"><span class='ocrx_word' id='word_1_117' title='bbox 122 1149 208 1195; x_wconf 82' lang='lat' dir='ltr'>tur,</span> <span class='ocrx_word' id='word_1_118' title='bbox 240 1146 599 1186; x_wconf 87' lang='lat' dir='ltr'>commemoraui.</span> <span class='ocrx_word' id='word_1_119' title='bbox 630 1145 737 1185; x_wconf 87' lang='lat' dir='ltr'>Cum</span> <span class='ocrx_word' id='word_1_120' title='bbox 769 1146 887 1185; x_wconf 88' lang='lat' dir='ltr'>enim</span> <span class='ocrx_word' id='word_1_121' title='bbox 918 1148 1016 1196; x_wconf 87' lang='lat' dir='ltr'>post</span> <span class='ocrx_word' id='word_1_122' title='bbox 1037 1158 1201 1196; x_wconf 91' lang='lat' dir='ltr'>paucos</span> <span class='ocrx_word' id='word_1_123' title='bbox 1231 1146 1334 1185; x_wconf 89' lang='lat' dir='ltr'>illos</span> <span class='ocrx_word' id='word_1_124' title='bbox 1362 1145 1457 1184; x_wconf 92' lang='lat' dir='ltr'>dies</span> <span class='ocrx_word' id='word_1_125' title='bbox 1486 1144 1660 1184; x_wconf 89' lang='lat' dir='ltr'>tandem</span> <span class='ocrx_word' id='word_1_126' title='bbox 1694 1143 1748 1183; x_wconf 80' lang='lat' dir='ltr'>ad</span> 
     </span>
     <span class='ocr_line' id='line_1_14' title="bbox 120 1210 1751 1263; baseline -0.002 -12"><span class='ocrx_word' id='word_1_127' title='bbox 120 1211 451 1263; x_wconf 89' lang='lat' dir='ltr'>amplissimum</span> <span class='ocrx_word' id='word_1_128' title='bbox 481 1223 531 1250; x_wconf 85' lang='lat' dir='ltr'>ac</span> <span class='ocrx_word' id='word_1_129' title='bbox 560 1211 891 1250; x_wconf 85' lang='lat' dir='ltr'>nobilissimum</span> <span class='ocrx_word' id='word_1_130' title='bbox 938 1211 1253 1250; x_wconf 87' lang='lat' dir='ltr'>monachorum</span> <span class='ocrx_word' id='word_1_131' title='bbox 1286 1210 1566 1261; x_wconf 89' lang='lat' dir='ltr'>quorundam</span> <span class='ocrx_word' id='word_1_132' title='bbox 1596 1221 1751 1249; x_wconf 89' lang='lat' dir='ltr'>coeno-</span> 
     </span>
     <span class='ocr_line' id='line_1_15' title="bbox 124 1273 1755 1327; baseline -0.002 -11"><span class='ocrx_word' id='word_1_133' title='bbox 124 1277 262 1323; x_wconf 82' lang='lat' dir='ltr'>bium,</span> <span class='ocrx_word' id='word_1_134' title='bbox 286 1288 375 1327; x_wconf 85' lang='lat' dir='ltr'>quo</span> <span class='ocrx_word' id='word_1_135' title='bbox 395 1276 575 1327; x_wconf 87' lang='lat' dir='ltr'>saepius</span> <span class='ocrx_word' id='word_1_136' title='bbox 605 1276 825 1315; x_wconf 86' lang='lat' dir='ltr'>inuitatus</span> <span class='ocrx_word' id='word_1_137' title='bbox 848 1276 1004 1322; x_wconf 87' lang='lat' dir='ltr'>fuerat,</span> <span class='ocrx_word' id='word_1_138' title='bbox 1028 1276 1377 1327; x_wconf 79' lang='lat' dir='ltr'>commigrasset,</span> <span class='ocrx_word' id='word_1_139' title='bbox 1400 1287 1450 1314; x_wconf 92' lang='lat' dir='ltr'>eo</span> <span class='ocrx_word' id='word_1_140' title='bbox 1471 1275 1518 1314; x_wconf 90' lang='lat' dir='ltr'>in</span> <span class='ocrx_word' id='word_1_141' title='bbox 1539 1274 1635 1314; x_wconf 86' lang='lat' dir='ltr'>loco</span> <span class='ocrx_word' id='word_1_142' title='bbox 1659 1273 1755 1313; x_wconf 86' lang='lat' dir='ltr'>tam</span> 
     </span>
     <span class='ocr_line' id='line_1_16' title="bbox 123 1338 1752 1393; baseline -0.002 -12"><span class='ocrx_word' id='word_1_143' title='bbox 123 1342 349 1393; x_wconf 88' lang='lat' dir='ltr'>praeclara</span> <span class='ocrx_word' id='word_1_144' title='bbox 392 1341 445 1380; x_wconf 95' lang='lat' dir='ltr'>de</span> <span class='ocrx_word' id='word_1_145' title='bbox 488 1341 705 1381; x_wconf 84' lang='lat' dir='ltr'>Societate</span> <span class='ocrx_word' id='word_1_146' title='bbox 749 1343 903 1380; x_wconf 90' lang='lat' dir='ltr'>nostra</span> <span class='ocrx_word' id='word_1_147' title='bbox 945 1341 1121 1380; x_wconf 86' lang='lat' dir='ltr'>locutus</span> <span class='ocrx_word' id='word_1_148' title='bbox 1163 1343 1243 1389; x_wconf 87' lang='lat' dir='ltr'>est,</span> <span class='ocrx_word' id='word_1_149' title='bbox 1277 1342 1325 1380; x_wconf 92' lang='lat' dir='ltr'>ut</span> <span class='ocrx_word' id='word_1_150' title='bbox 1366 1339 1548 1391; x_wconf 84' lang='lat' dir='ltr'>quidam</span> <span class='ocrx_word' id='word_1_151' title='bbox 1577 1351 1630 1378; x_wconf 84' lang='lat' dir='ltr'>ex</span> <span class='ocrx_word' id='word_1_152' title='bbox 1659 1338 1752 1377; x_wconf 90' lang='lat' dir='ltr'>illis</span> 
     </span>
     <span class='ocr_line' id='line_1_17' title="bbox 126 1403 1752 1456; baseline -0.003 -9"><span class='ocrx_word' id='word_1_153' title='bbox 126 1407 358 1447; x_wconf 86' lang='lat' dir='ltr'>monachis</span> <span class='ocrx_word' id='word_1_154' title='bbox 405 1409 660 1446; x_wconf 90' lang='lat' dir='ltr'>nostrorum</span> <span class='ocrx_word' id='word_1_155' title='bbox 710 1406 952 1445; x_wconf 84' lang='lat' dir='ltr'>amicitiam</span> <span class='ocrx_word' id='word_1_156' title='bbox 1001 1406 1285 1446; x_wconf 86' lang='lat' dir='ltr'>uehementer</span> <span class='ocrx_word' id='word_1_157' title='bbox 1326 1406 1592 1456; x_wconf 81' lang='lat' dir='ltr'>expeterent.</span> <span class='ocrx_word' id='word_1_158' title='bbox 1637 1403 1752 1443; x_wconf 92' lang='lat' dir='ltr'>Hinc</span> 
     </span>
     <span class='ocr_line' id='line_1_18' title="bbox 127 1468 1751 1524; baseline -0.002 -12"><span class='ocrx_word' id='word_1_159' title='bbox 127 1473 322 1524; x_wconf 86' lang='lat' dir='ltr'>profecto</span> <span class='ocrx_word' id='word_1_160' title='bbox 352 1472 500 1523; x_wconf 89' lang='lat' dir='ltr'>aditus</span> <span class='ocrx_word' id='word_1_161' title='bbox 532 1472 662 1511; x_wconf 91' lang='lat' dir='ltr'>nobis</span> <span class='ocrx_word' id='word_1_162' title='bbox 691 1471 939 1511; x_wconf 86' lang='lat' dir='ltr'>latissimus</span> <span class='ocrx_word' id='word_1_163' title='bbox 969 1471 1024 1511; x_wconf 90' lang='lat' dir='ltr'>ad</span> <span class='ocrx_word' id='word_1_164' title='bbox 1054 1471 1276 1511; x_wconf 86' lang='lat' dir='ltr'>iuuandos</span> <span class='ocrx_word' id='word_1_165' title='bbox 1296 1470 1461 1510; x_wconf 87' lang='lat' dir='ltr'>multos</span> <span class='ocrx_word' id='word_1_166' title='bbox 1490 1481 1543 1508; x_wconf 78' lang='lat' dir='ltr'>ex</span> <span class='ocrx_word' id='word_1_167' title='bbox 1572 1468 1665 1509; x_wconf 91' lang='lat' dir='ltr'>illis</span> <span class='ocrx_word' id='word_1_168' title='bbox 1686 1471 1751 1508; x_wconf 88' lang='lat' dir='ltr'>est</span> 
     </span>
     <span class='ocr_line' id='line_1_19' title="bbox 128 1533 1753 1589; baseline -0.002 -12"><span class='ocrx_word' id='word_1_169' title='bbox 128 1538 396 1589; x_wconf 83' lang='lat' dir='ltr'>patefactus;</span> <span class='ocrx_word' id='word_1_170' title='bbox 430 1549 532 1576; x_wconf 89' lang='lat' dir='ltr'>nam</span> <span class='ocrx_word' id='word_1_171' title='bbox 576 1536 748 1587; x_wconf 85' lang='lat' dir='ltr'>primus</span> <span class='ocrx_word' id='word_1_172' title='bbox 795 1536 1010 1582; x_wconf 88' lang='lat' dir='ltr'>omnium,</span> <span class='ocrx_word' id='word_1_173' title='bbox 1043 1536 1325 1575; x_wconf 85' lang='lat' dir='ltr'>uenerandus</span> <span class='ocrx_word' id='word_1_174' title='bbox 1367 1534 1547 1586; x_wconf 88' lang='lat' dir='ltr'>quidam</span> <span class='ocrx_word' id='word_1_175' title='bbox 1579 1546 1632 1573; x_wconf 82' lang='lat' dir='ltr'>ex</span> <span class='ocrx_word' id='word_1_176' title='bbox 1661 1533 1753 1573; x_wconf 91' lang='lat' dir='ltr'>illis</span> 
     </span>
     <span class='ocr_line' id='line_1_20' title="bbox 122 1598 1752 1650; baseline -0.003 -8"><span class='ocrx_word' id='word_1_177' title='bbox 122 1603 345 1649; x_wconf 87' lang='lat' dir='ltr'>sacerdos,</span> <span class='ocrx_word' id='word_1_178' title='bbox 378 1602 652 1641; x_wconf 88' lang='lat' dir='ltr'>nouitiorum</span> <span class='ocrx_word' id='word_1_179' title='bbox 687 1601 731 1640; x_wconf 92' lang='lat' dir='ltr'>in</span> <span class='ocrx_word' id='word_1_180' title='bbox 764 1613 808 1640; x_wconf 87' lang='lat' dir='ltr'>re</span> <span class='ocrx_word' id='word_1_181' title='bbox 847 1610 861 1626; x_wconf 70' lang='lat'><em>⁰</em></span> <span class='ocrx_word' id='word_1_182' title='bbox 892 1601 1107 1640; x_wconf 85' lang='lat' dir='ltr'>litteraria</span> <span class='ocrx_word' id='word_1_183' title='bbox 1150 1601 1412 1647; x_wconf 87' lang='lat' dir='ltr'>moderator,</span> <span class='ocrx_word' id='word_1_184' title='bbox 1446 1599 1542 1650; x_wconf 89' lang='lat' dir='ltr'>pias</span> <span class='ocrx_word' id='word_1_185' title='bbox 1573 1598 1752 1638; x_wconf 89' lang='lat' dir='ltr'>medita-</span> 
     </span>
     <span class='ocr_line' id='line_1_21' title="bbox 125 1663 1754 1718; baseline -0.003 -11"><span class='ocrx_word' id='word_1_186' title='bbox 125 1667 284 1715; x_wconf 80' lang='lat' dir='ltr'>tiones,</span> <span class='ocrx_word' id='word_1_187' title='bbox 316 1679 430 1718; x_wconf 86' lang='lat' dir='ltr'>quae</span> <span class='ocrx_word' id='word_1_188' title='bbox 473 1666 727 1718; x_wconf 87' lang='lat' dir='ltr'>spiritualia</span> <span class='ocrx_word' id='word_1_189' title='bbox 769 1666 977 1706; x_wconf 82' lang='lat' dir='ltr'>exercitia</span> <span class='ocrx_word' id='word_1_190' title='bbox 1020 1677 1247 1713; x_wconf 84' lang='lat' dir='ltr'>uocamus,</span> <span class='ocrx_word' id='word_1_191' title='bbox 1279 1665 1335 1704; x_wconf 90' lang='lat' dir='ltr'>ab</span> <span class='ocrx_word' id='word_1_192' title='bbox 1377 1676 1467 1704; x_wconf 91' lang='lat' dir='ltr'>uno</span> <span class='ocrx_word' id='word_1_193' title='bbox 1501 1676 1553 1703; x_wconf 79' lang='lat' dir='ltr'>ex</span> <span class='ocrx_word' id='word_1_194' title='bbox 1587 1663 1754 1703; x_wconf 88' lang='lat' dir='ltr'>nostris</span> 
     </span>
     <span class='ocr_line' id='line_1_22' title="bbox 125 1728 1754 1782; baseline -0.003 -10"><span class='ocrx_word' id='word_1_195' title='bbox 125 1733 335 1772; x_wconf 88' lang='lat' dir='ltr'>Patribus</span> <span class='ocrx_word' id='word_1_196' title='bbox 364 1732 546 1772; x_wconf 88' lang='lat' dir='ltr'>edoctus</span> <span class='ocrx_word' id='word_1_197' title='bbox 576 1734 664 1779; x_wconf 68' lang='lat' dir='ltr'>est,</span> <span class='ocrx_word' id='word_1_198' title='bbox 697 1743 885 1782; x_wconf 86' lang='lat' dir='ltr'>cumque</span> <span class='ocrx_word' id='word_1_199' title='bbox 929 1731 967 1770; x_wconf 94' lang='lat' dir='ltr'>is</span> <span class='ocrx_word' id='word_1_200' title='bbox 997 1731 1057 1770; x_wconf 88' lang='lat' dir='ltr'>ita</span> <span class='ocrx_word' id='word_1_201' title='bbox 1088 1730 1359 1781; x_wconf 83' lang='lat' dir='ltr'>profecisset,</span> <span class='ocrx_word' id='word_1_202' title='bbox 1393 1732 1442 1769; x_wconf 90' lang='lat' dir='ltr'>ut</span> <span class='ocrx_word' id='word_1_203' title='bbox 1470 1729 1635 1768; x_wconf 87' lang='lat' dir='ltr'>fraenis</span> <span class='ocrx_word' id='word_1_204' title='bbox 1664 1728 1754 1767; x_wconf 90' lang='lat' dir='ltr'>iam</span> 
     </span>
     <span class='ocr_line' id='line_1_23' title="bbox 127 1792 1753 1849; baseline -0.003 -12"><span class='ocrx_word' id='word_1_205' title='bbox 127 1797 276 1849; x_wconf 88' lang='lat' dir='ltr'>potius</span> <span class='ocrx_word' id='word_1_206' title='bbox 306 1809 443 1848; x_wconf 89' lang='lat' dir='ltr'>quam</span> <span class='ocrx_word' id='word_1_207' title='bbox 472 1796 721 1836; x_wconf 86' lang='lat' dir='ltr'>calcaribus</span> <span class='ocrx_word' id='word_1_208' title='bbox 751 1796 983 1847; x_wconf 80' lang='lat' dir='ltr'>indigeret,</span> <span class='ocrx_word' id='word_1_209' title='bbox 1015 1795 1118 1847; x_wconf 73' lang='lat' dir='ltr'>alijs</span> <span class='ocrx_word' id='word_1_210' title='bbox 1152 1795 1257 1834; x_wconf 89' lang='lat' dir='ltr'>item</span> <span class='ocrx_word' id='word_1_211' title='bbox 1301 1794 1532 1834; x_wconf 86' lang='lat' dir='ltr'>monachis</span> <span class='ocrx_word' id='word_1_212' title='bbox 1563 1796 1609 1833; x_wconf 88' lang='lat' dir='ltr'>ut</span> <span class='ocrx_word' id='word_1_213' title='bbox 1638 1792 1753 1832; x_wconf 90' lang='lat' dir='ltr'>idem</span> 
     </span>
     <span class='ocr_line' id='line_1_24' title="bbox 125 1857 1756 1913; baseline -0.003 -11"><span class='ocrx_word' id='word_1_214' title='bbox 125 1863 336 1910; x_wconf 83' lang='lat' dir='ltr'>facerent,</span> <span class='ocrx_word' id='word_1_215' title='bbox 359 1862 597 1913; x_wconf 88' lang='lat' dir='ltr'>persuasit.</span> <span class='ocrx_word' id='word_1_216' title='bbox 631 1862 749 1901; x_wconf 84' lang='lat' dir='ltr'>Inter</span> <span class='ocrx_word' id='word_1_217' title='bbox 778 1873 892 1912; x_wconf 83' lang='lat' dir='ltr'>quos</span> <span class='ocrx_word' id='word_1_218' title='bbox 922 1863 1073 1912; x_wconf 87' lang='lat' dir='ltr'>postea</span> <span class='ocrx_word' id='word_1_219' title='bbox 1103 1872 1192 1899; x_wconf 91' lang='lat' dir='ltr'>non</span> <span class='ocrx_word' id='word_1_220' title='bbox 1223 1860 1459 1899; x_wconf 90' lang='lat' dir='ltr'>defuerunt</span> <span class='ocrx_word' id='word_1_221' title='bbox 1488 1859 1565 1910; x_wconf 89' lang='lat' dir='ltr'>qui</span> <span class='ocrx_word' id='word_1_222' title='bbox 1594 1870 1641 1898; x_wconf 93' lang='lat' dir='ltr'>se</span> <span class='ocrx_word' id='word_1_223' title='bbox 1670 1857 1756 1909; x_wconf 89' lang='lat' dir='ltr'>pri-</span> 
     </span>
     <span class='ocr_line' id='line_1_25' title="bbox 127 1923 1756 1979; baseline -0.004 -11"><span class='ocrx_word' id='word_1_224' title='bbox 127 1928 266 1968; x_wconf 89' lang='lat' dir='ltr'>uatim</span> <span class='ocrx_word' id='word_1_225' title='bbox 312 1930 483 1979; x_wconf 87' lang='lat' dir='ltr'>praeter</span> <span class='ocrx_word' id='word_1_226' title='bbox 511 1939 639 1967; x_wconf 84' lang='lat' dir='ltr'>suam</span> <span class='ocrx_word' id='word_1_227' title='bbox 669 1926 1034 1967; x_wconf 88' lang='lat' dir='ltr'>consuetudinem</span> <span class='ocrx_word' id='word_1_228' title='bbox 1068 1937 1228 1976; x_wconf 86' lang='lat' dir='ltr'>magno</span> <span class='ocrx_word' id='word_1_229' title='bbox 1257 1924 1413 1964; x_wconf 86' lang='lat' dir='ltr'>ardore</span> <span class='ocrx_word' id='word_1_230' title='bbox 1442 1923 1581 1963; x_wconf 90' lang='lat' dir='ltr'>animi</span> <span class='ocrx_word' id='word_1_231' title='bbox 1606 1923 1756 1975; x_wconf 87' lang='lat' dir='ltr'>flagel-</span> 
     </span>
     <span class='ocr_line' id='line_1_26' title="bbox 126 1987 1755 2044; baseline -0.004 -11"><span class='ocrx_word' id='word_1_232' title='bbox 126 1993 284 2041; x_wconf 85' lang='lat' dir='ltr'>larent,</span> <span class='ocrx_word' id='word_1_233' title='bbox 326 1993 402 2044; x_wconf 88' lang='lat' dir='ltr'>alij</span> <span class='ocrx_word' id='word_1_234' title='bbox 443 1992 709 2044; x_wconf 89' lang='lat' dir='ltr'>generaliter</span> <span class='ocrx_word' id='word_1_235' title='bbox 738 1991 875 2031; x_wconf 88' lang='lat' dir='ltr'>totius</span> <span class='ocrx_word' id='word_1_236' title='bbox 905 1993 1006 2030; x_wconf 89' lang='lat' dir='ltr'>ante</span> <span class='ocrx_word' id='word_1_237' title='bbox 1035 1992 1157 2030; x_wconf 89' lang='lat' dir='ltr'>actae</span> <span class='ocrx_word' id='word_1_238' title='bbox 1188 1990 1306 2029; x_wconf 89' lang='lat' dir='ltr'>uitae</span> <span class='ocrx_word' id='word_1_239' title='bbox 1347 1991 1525 2040; x_wconf 88' lang='lat' dir='ltr'>peccata</span> <span class='ocrx_word' id='word_1_240' title='bbox 1564 1987 1755 2028; x_wconf 89' lang='lat' dir='ltr'>confessi</span> 
     </span>
     <span class='ocr_line' id='line_1_27' title="bbox 125 2053 1756 2109; baseline -0.004 -11"><span class='ocrx_word' id='word_1_241' title='bbox 125 2060 244 2108; x_wconf 88' lang='lat' dir='ltr'>sunt,</span> <span class='ocrx_word' id='word_1_242' title='bbox 267 2060 316 2098; x_wconf 89' lang='lat' dir='ltr'>ut</span> <span class='ocrx_word' id='word_1_243' title='bbox 345 2058 391 2097; x_wconf 89' lang='lat' dir='ltr'>in</span> <span class='ocrx_word' id='word_1_244' title='bbox 421 2069 542 2109; x_wconf 87' lang='lat' dir='ltr'>spem</span> <span class='ocrx_word' id='word_1_245' title='bbox 574 2057 830 2097; x_wconf 76' lang='lat' dir='ltr'>uenerimus</span> <span class='ocrx_word' id='word_1_246' title='bbox 860 2057 966 2104; x_wconf 87' lang='lat' dir='ltr'>fore,</span> <span class='ocrx_word' id='word_1_247' title='bbox 991 2058 1037 2096; x_wconf 91' lang='lat' dir='ltr'>ut</span> <span class='ocrx_word' id='word_1_248' title='bbox 1068 2058 1205 2095; x_wconf 90' lang='lat' dir='ltr'>totum</span> <span class='ocrx_word' id='word_1_249' title='bbox 1230 2055 1342 2094; x_wconf 89' lang='lat' dir='ltr'>illud</span> <span class='ocrx_word' id='word_1_250' title='bbox 1363 2054 1599 2105; x_wconf 89' lang='lat' dir='ltr'>collegium</span> <span class='ocrx_word' id='word_1_251' title='bbox 1622 2053 1756 2104; x_wconf 82' lang='lat' dir='ltr'>(quod</span> 
     </span>
     <span class='ocr_line' id='line_1_28' title="bbox 126 2120 1756 2175; baseline -0.003 -11"><span class='ocrx_word' id='word_1_252' title='bbox 126 2124 297 2175; x_wconf 84' lang='lat' dir='ltr'>alioqui</span> <span class='ocrx_word' id='word_1_253' title='bbox 328 2135 417 2163; x_wconf 89' lang='lat' dir='ltr'>non</span> <span class='ocrx_word' id='word_1_254' title='bbox 449 2123 559 2163; x_wconf 91' lang='lat' dir='ltr'>satis</span> <span class='ocrx_word' id='word_1_255' title='bbox 588 2124 700 2162; x_wconf 92' lang='lat' dir='ltr'>bene</span> <span class='ocrx_word' id='word_1_256' title='bbox 729 2122 953 2172; x_wconf 86' lang='lat' dir='ltr'>audiebat)</span> <span class='ocrx_word' id='word_1_257' title='bbox 986 2122 1040 2161; x_wconf 88' lang='lat' dir='ltr'>ad</span> <span class='ocrx_word' id='word_1_258' title='bbox 1071 2121 1298 2160; x_wconf 88' lang='lat' dir='ltr'>meliorem</span> <span class='ocrx_word' id='word_1_259' title='bbox 1319 2120 1491 2171; x_wconf 85' lang='lat' dir='ltr'>frugem</span> <span class='ocrx_word' id='word_1_260' title='bbox 1512 2120 1756 2159; x_wconf 88' lang='lat' dir='ltr'>reuocetur.</span> 
     </span>
     <span class='ocr_line' id='line_1_29' title="bbox 127 2183 1758 2246; baseline -0.004 -17"><span class='ocrx_word' id='word_1_261' title='bbox 127 2189 237 2246; x_wconf 81' lang='lat' dir='ltr'>Nam</span> <span class='ocrx_word' id='word_1_262' title='bbox 269 2190 322 2228; x_wconf 93' lang='lat' dir='ltr'>de</span> <span class='ocrx_word' id='word_1_263' title='bbox 352 2188 568 2229; x_wconf 84' lang='lat' dir='ltr'>Societate</span> <span class='ocrx_word' id='word_1_264' title='bbox 598 2190 750 2227; x_wconf 89' lang='lat' dir='ltr'>nostra</span> <span class='ocrx_word' id='word_1_265' title='bbox 792 2199 925 2239; x_wconf 87' lang='lat' dir='ltr'>quam</span> <span class='ocrx_word' id='word_1_266' title='bbox 968 2187 1191 2238; x_wconf 87' lang='lat' dir='ltr'>praeclare</span> <span class='ocrx_word' id='word_1_267' title='bbox 1229 2197 1382 2225; x_wconf 90' lang='lat' dir='ltr'>omnes</span> <span class='ocrx_word' id='word_1_268' title='bbox 1412 2184 1621 2230; x_wconf 88' lang='lat' dir='ltr'>sentiant,</span> <span class='ocrx_word' id='word_1_269' title='bbox 1653 2183 1758 2223; x_wconf 89' lang='lat' dir='ltr'>hinc</span> 
     </span>
     <span class='ocr_line' id='line_1_30' title="bbox 129 2249 1759 2305; baseline -0.004 -11"><span class='ocrx_word' id='word_1_270' title='bbox 129 2255 230 2295; x_wconf 89' lang='lat' dir='ltr'>licet</span> <span class='ocrx_word' id='word_1_271' title='bbox 260 2254 523 2305; x_wconf 90' lang='lat' dir='ltr'>intelligere,</span> <span class='ocrx_word' id='word_1_272' title='bbox 546 2253 665 2305; x_wconf 87' lang='lat' dir='ltr'>quod</span> <span class='ocrx_word' id='word_1_273' title='bbox 695 2254 746 2293; x_wconf 83' lang='lat' dir='ltr'>R.</span> <span class='ocrx_word' id='word_1_274' title='bbox 769 2253 893 2292; x_wconf 89' lang='lat' dir='ltr'>illius</span> <span class='ocrx_word' id='word_1_275' title='bbox 924 2252 1179 2303; x_wconf 84' lang='lat' dir='ltr'>monasterij</span> <span class='ocrx_word' id='word_1_276' title='bbox 1211 2252 1349 2290; x_wconf 87' lang='lat' dir='ltr'>abbas</span> <span class='ocrx_word' id='word_1_277' title='bbox 1378 2252 1539 2290; x_wconf 88' lang='lat' dir='ltr'>certam</span> <span class='ocrx_word' id='word_1_278' title='bbox 1575 2249 1759 2289; x_wconf 92' lang='lat' dir='ltr'>eleemo-</span> 
     </span>
     <span class='ocr_line' id='line_1_31' title="bbox 130 2314 1760 2371; baseline -0.004 -11"><span class='ocrx_word' id='word_1_279' title='bbox 130 2331 290 2371; x_wconf 75' lang='lat' dir='ltr'>synam</span> <span class='ocrx_word' id='word_1_280' title='bbox 312 2320 459 2368; x_wconf 87' lang='lat' dir='ltr'>nobis,</span> <span class='ocrx_word' id='word_1_281' title='bbox 483 2331 535 2359; x_wconf 82' lang='lat' dir='ltr'>ex</span> <span class='ocrx_word' id='word_1_282' title='bbox 565 2331 653 2370; x_wconf 84' lang='lat' dir='ltr'>quo</span> <span class='ocrx_word' id='word_1_283' title='bbox 688 2319 755 2358; x_wconf 94' lang='lat' dir='ltr'>illi</span> <span class='ocrx_word' id='word_1_284' title='bbox 787 2318 983 2358; x_wconf 86' lang='lat' dir='ltr'>Societas</span> <span class='ocrx_word' id='word_1_285' title='bbox 1013 2317 1222 2364; x_wconf 92' lang='lat' dir='ltr'>innotuit,</span> <span class='ocrx_word' id='word_1_286' title='bbox 1245 2315 1438 2367; x_wconf 85' lang='lat' dir='ltr'>singulis</span> <span class='ocrx_word' id='word_1_287' title='bbox 1468 2314 1760 2354; x_wconf 86' lang='lat' dir='ltr'>hebdomadis</span> 
     </span>
     <span class='ocr_line' id='line_1_32' title="bbox 132 2380 1756 2437; baseline -0.004 -12"><span class='ocrx_word' id='word_1_288' title='bbox 132 2387 200 2426; x_wconf 89' lang='lat' dir='ltr'>est</span> <span class='ocrx_word' id='word_1_289' title='bbox 227 2385 458 2437; x_wconf 83' lang='lat' dir='ltr'>elargitus,</span> <span class='ocrx_word' id='word_1_290' title='bbox 483 2385 650 2424; x_wconf 87' lang='lat' dir='ltr'>maiora</span> <span class='ocrx_word' id='word_1_291' title='bbox 680 2384 813 2424; x_wconf 87' lang='lat' dir='ltr'>etiam</span> <span class='ocrx_word' id='word_1_292' title='bbox 834 2383 881 2422; x_wconf 91' lang='lat' dir='ltr'>in</span> <span class='ocrx_word' id='word_1_293' title='bbox 903 2384 1142 2434; x_wconf 83' lang='lat' dir='ltr'>posterum,</span> <span class='ocrx_word' id='word_1_294' title='bbox 1166 2383 1215 2421; x_wconf 93' lang='lat' dir='ltr'>ut</span> <span class='ocrx_word' id='word_1_295' title='bbox 1235 2380 1471 2431; x_wconf 81' lang='lat' dir='ltr'>significat,</span> <span class='ocrx_word' id='word_1_296' title='bbox 1495 2380 1756 2419; x_wconf 89' lang='lat' dir='ltr'>donaturus.</span> 
     </span>
     <span class='ocr_line' id='line_1_33' title="bbox 130 2448 949 2491; baseline -0.005 0"><span class='ocrx_word' id='word_1_297' title='bbox 130 2450 216 2491; x_wconf 86' lang='lat' dir='ltr'>Sed</span> <span class='ocrx_word' id='word_1_298' title='bbox 247 2451 300 2490; x_wconf 89' lang='lat' dir='ltr'>de</span> <span class='ocrx_word' id='word_1_299' title='bbox 330 2451 401 2490; x_wconf 88' lang='lat' dir='ltr'>his</span> <span class='ocrx_word' id='word_1_300' title='bbox 430 2450 539 2490; x_wconf 89' lang='lat' dir='ltr'>haec</span> <span class='ocrx_word' id='word_1_301' title='bbox 568 2450 684 2490; x_wconf 89' lang='lat' dir='ltr'>dicta</span> <span class='ocrx_word' id='word_1_302' title='bbox 714 2448 949 2488; x_wconf 87' lang='lat' dir='ltr'>sufficiant.</span> 
     </span>
    </p>

    <p class='ocr_par' dir='ltr' id='par_1_3' title="bbox 129 2509 1762 2817">
     <span class='ocr_line' id='line_1_34' title="bbox 209 2509 1760 2565; baseline -0.006 -9"><span class='ocrx_word' id='word_1_303' title='bbox 209 2516 248 2555; x_wconf 87' lang='grc'>6.</span> <span class='ocrx_word' id='word_1_304' title='bbox 273 2515 400 2565; x_wconf 84' lang='lat' dir='ltr'>Quod</span> <span class='ocrx_word' id='word_1_305' title='bbox 421 2516 477 2555; x_wconf 88' lang='lat' dir='ltr'>ad</span> <span class='ocrx_word' id='word_1_306' title='bbox 498 2527 598 2555; x_wconf 90' lang='lat' dir='ltr'>eum</span> <span class='ocrx_word' id='word_1_307' title='bbox 621 2515 767 2554; x_wconf 89' lang='lat' dir='ltr'>locum</span> <span class='ocrx_word' id='word_1_308' title='bbox 789 2514 1096 2553; x_wconf 87' lang='lat' dir='ltr'>suburbanum</span> <span class='ocrx_word' id='word_1_309' title='bbox 1119 2512 1276 2551; x_wconf 86' lang='lat' dir='ltr'>attinet</span> <span class='ocrx_word' id='word_1_310' title='bbox 1296 2511 1348 2550; x_wconf 92' lang='lat' dir='ltr'>de</span> <span class='ocrx_word' id='word_1_311' title='bbox 1369 2522 1456 2561; x_wconf 89' lang='lat' dir='ltr'>quo</span> <span class='ocrx_word' id='word_1_312' title='bbox 1478 2510 1524 2548; x_wconf 88' lang='lat' dir='ltr'>in</span> <span class='ocrx_word' id='word_1_313' title='bbox 1545 2509 1760 2560; x_wconf 81' lang='lat' dir='ltr'>proximis</span> 
     </span>
     <span class='ocr_line' id='line_1_35' title="bbox 131 2574 1760 2628; baseline -0.004 -8"><span class='ocrx_word' id='word_1_314' title='bbox 131 2581 292 2621; x_wconf 89' lang='lat' dir='ltr'>litteris</span> <span class='ocrx_word' id='word_1_315' title='bbox 321 2581 376 2620; x_wconf 91' lang='lat' dir='ltr'>ad</span> <span class='ocrx_word' id='word_1_316' title='bbox 420 2580 467 2619; x_wconf 88' lang='lat' dir='ltr'>T.</span> <span class='ocrx_word' id='word_1_317' title='bbox 502 2580 555 2620; x_wconf 86' lang='lat' dir='ltr'>R.</span> <span class='ocrx_word' id='word_1_318' title='bbox 590 2580 636 2620; x_wconf 89' lang='lat' dir='ltr'>P.</span> <span class='ocrx_word' id='word_1_319' title='bbox 670 2579 820 2619; x_wconf 88' lang='lat' dir='ltr'>missis</span> <span class='ocrx_word' id='word_1_320' title='bbox 863 2578 1076 2628; x_wconf 88' lang='lat' dir='ltr'>scriptum</span> <span class='ocrx_word' id='word_1_321' title='bbox 1120 2577 1203 2616; x_wconf 89' lang='lat' dir='ltr'>fuit</span> <span class='ocrx_word' id='word_1_322' title='bbox 1234 2579 1262 2624; x_wconf 77' lang='lat'>1,</span> <span class='ocrx_word' id='word_1_323' title='bbox 1294 2575 1406 2615; x_wconf 90' lang='lat' dir='ltr'>illud</span> <span class='ocrx_word' id='word_1_324' title='bbox 1450 2575 1494 2614; x_wconf 90' lang='lat' dir='ltr'>in</span> <span class='ocrx_word' id='word_1_325' title='bbox 1538 2574 1760 2625; x_wconf 87' lang='lat' dir='ltr'>praesenti</span> 
     </span>
     <span class='ocr_line' id='line_1_36' title="bbox 129 2639 1761 2696; baseline -0.006 -10"><span class='ocrx_word' id='word_1_326' title='bbox 129 2646 345 2694; x_wconf 87' lang='lat' dir='ltr'>occurrit;</span> <span class='ocrx_word' id='word_1_327' title='bbox 378 2648 506 2685; x_wconf 89' lang='lat' dir='ltr'>nocte</span> <span class='ocrx_word' id='word_1_328' title='bbox 534 2657 584 2685; x_wconf 88' lang='lat' dir='ltr'>ea</span> <span class='ocrx_word' id='word_1_329' title='bbox 615 2657 728 2696; x_wconf 88' lang='lat' dir='ltr'>quae</span> <span class='ocrx_word' id='word_1_330' title='bbox 757 2644 874 2683; x_wconf 88' lang='lat' dir='ltr'>diem</span> <span class='ocrx_word' id='word_1_331' title='bbox 904 2643 1064 2683; x_wconf 86' lang='lat' dir='ltr'>festum</span> <span class='ocrx_word' id='word_1_332' title='bbox 1109 2644 1260 2681; x_wconf 88' lang='lat' dir='ltr'>beatae</span> <span class='ocrx_word' id='word_1_333' title='bbox 1299 2641 1543 2691; x_wconf 82' lang='lat' dir='ltr'>Reparatae</span> <span class='ocrx_word' id='word_1_334' title='bbox 1572 2639 1761 2690; x_wconf 87' lang='lat' dir='ltr'>virginis</span> 
     </span>
     <span class='ocr_line' id='line_1_37' title="bbox 132 2704 1762 2762; baseline -0.006 -11"><span class='ocrx_word' id='word_1_335' title='bbox 132 2711 369 2762; x_wconf 87' lang='lat' dir='ltr'>praecedit,</span> <span class='ocrx_word' id='word_1_336' title='bbox 401 2711 473 2751; x_wconf 89' lang='lat' dir='ltr'>cui</span> <span class='ocrx_word' id='word_1_337' title='bbox 503 2711 719 2761; x_wconf 84' lang='lat' dir='ltr'>templum</span> <span class='ocrx_word' id='word_1_338' title='bbox 741 2710 802 2749; x_wconf 90' lang='lat' dir='ltr'>ibi</span> <span class='ocrx_word' id='word_1_339' title='bbox 833 2711 897 2748; x_wconf 88' lang='lat' dir='ltr'>est</span> <span class='ocrx_word' id='word_1_340' title='bbox 919 2710 1239 2755; x_wconf 84' lang='lat' dir='ltr'>consecratum,</span> <span class='ocrx_word' id='word_1_341' title='bbox 1263 2706 1400 2746; x_wconf 90' lang='lat' dir='ltr'>fuisse</span> <span class='ocrx_word' id='word_1_342' title='bbox 1427 2705 1550 2744; x_wconf 91' lang='lat' dir='ltr'>illius</span> <span class='ocrx_word' id='word_1_343' title='bbox 1579 2704 1762 2755; x_wconf 88' lang='lat' dir='ltr'>uigilias</span> 
     </span>
     <span class='ocr_line' id='line_1_38' title="bbox 133 2770 1762 2817; baseline -0.006 0"><span class='ocrx_word' id='word_1_344' title='bbox 133 2776 414 2817; x_wconf 85' lang='lat' dir='ltr'>sanctissime</span> <span class='ocrx_word' id='word_1_345' title='bbox 443 2777 700 2816; x_wconf 87' lang='lat' dir='ltr'>celebratas.</span> <span class='ocrx_word' id='word_1_346' title='bbox 729 2774 839 2815; x_wconf 89' lang='lat' dir='ltr'>Cum</span> <span class='ocrx_word' id='word_1_347' title='bbox 869 2774 988 2814; x_wconf 91' lang='lat' dir='ltr'>enim</span> <span class='ocrx_word' id='word_1_348' title='bbox 1010 2773 1147 2813; x_wconf 87' lang='lat' dir='ltr'>ueteri</span> <span class='ocrx_word' id='word_1_349' title='bbox 1169 2771 1490 2812; x_wconf 87' lang='lat' dir='ltr'>consuetudine</span> <span class='ocrx_word' id='word_1_350' title='bbox 1511 2770 1640 2809; x_wconf 90' lang='lat' dir='ltr'>multi</span> <span class='ocrx_word' id='word_1_351' title='bbox 1660 2781 1762 2809; x_wconf 90' lang='lat' dir='ltr'>noc-</span> 
     </span>
    </p>
   </div>
   <div class='ocr_carea' id='block_1_3' title="bbox 194 2944 1249 2985">
    <p class='ocr_par' dir='ltr' id='par_1_4' title="bbox 194 2944 1249 2985">
     <span class='ocr_line' id='line_1_39' title="bbox 194 2944 1249 2985; baseline -0.006 -5"><span class='ocrx_word' id='word_1_352' title='bbox 194 2956 213 2975; x_wconf 77' lang='lat' dir='ltr'>a</span> <span class='ocrx_word' id='word_1_353' title='bbox 233 2947 315 2981; x_wconf 80' lang='lat' dir='ltr'>Del.</span> <span class='ocrx_word' id='word_1_354' title='bbox 343 2948 447 2981; x_wconf 86' lang='lat' dir='ltr'>Luxi.</span> <span class='ocrx_word' id='word_1_355' title='bbox 466 2967 506 2970; x_wconf 85' lang='lat'>——</span> <span class='ocrx_word' id='word_1_356' title='bbox 530 2948 547 2974; x_wconf 88' lang='lat' dir='ltr'>b</span> <span class='ocrx_word' id='word_1_357' title='bbox 569 2947 650 2980; x_wconf 79' lang='lat' dir='ltr'>Del.</span> <span class='ocrx_word' id='word_1_358' title='bbox 677 2947 870 2979; x_wconf 87' lang='lat' dir='ltr'>modestia.</span> <span class='ocrx_word' id='word_1_359' title='bbox 896 2965 935 2968; x_wconf 84' lang='lat'>—</span> <span class='ocrx_word' id='word_1_360' title='bbox 959 2954 972 2972; x_wconf 89' lang='lat' dir='ltr'>c</span> <span class='ocrx_word' id='word_1_361' title='bbox 999 2945 1122 2976; x_wconf 65' lang='lat' dir='ltr'>Prius</span> <span class='ocrx_word' id='word_1_362' title='bbox 1146 2944 1249 2985; x_wconf 88' lang='lat' dir='ltr'>relig.</span> 
     </span>
    </p>
   </div>
   <div class='ocr_carea' id='block_1_4' title="bbox 198 3097 479 3139">
    <p class='ocr_par' dir='ltr' id='par_1_5' title="bbox 198 3097 479 3139">
     <span class='ocr_line' id='line_1_40' title="bbox 198 3097 479 3139; baseline -0.004 -9"><span class='ocrx_word' id='word_1_363' title='bbox 198 3099 209 3117; x_wconf 87' lang='lat'>¹</span> <span class='ocrx_word' id='word_1_364' title='bbox 231 3097 324 3130; x_wconf 90' lang='lat' dir='ltr'>Vide</span> <span class='ocrx_word' id='word_1_365' title='bbox 347 3107 382 3139; x_wconf 93' lang='lat' dir='ltr'>p.</span> <span class='ocrx_word' id='word_1_366' title='bbox 407 3098 479 3130; x_wconf 71' lang='lat'>332.</span> 
     </span>
    </p>
   </div>
   <div class='ocr_carea' id='block_1_5' title="bbox 207 3179 1695 3221">
    <p class='ocr_par' dir='ltr' id='par_1_6' title="bbox 207 3179 1695 3221">
     <span class='ocr_line' id='line_1_41' title="bbox 207 3179 1695 3221; baseline -0.007 -6"><span class='ocrx_word' id='word_1_367' title='bbox 207 3187 367 3215; x_wconf 75' lang='lat' dir='ltr'>LITTERAE</span> <span class='ocrx_word' id='word_1_368' title='bbox 388 3187 668 3221; x_wconf 73' lang='lat' dir='ltr'>QUADRans‘ars.</span> <span class='ocrx_word' id='word_1_369' title='bbox 690 3201 723 3205; x_wconf 97' lang='lat'><strong>—</strong></span> <span class='ocrx_word' id='word_1_370' title='bbox 743 3185 823 3212; x_wconf 63' lang='lat' dir='ltr'>Tou.</span> <span class='ocrx_word' id='word_1_371' title='bbox 846 3183 913 3210; x_wconf 74' lang='lat' dir='ltr'>VII.</span> <span class='ocrx_word' id='word_1_372' title='bbox 1660 3179 1695 3205; x_wconf 82' lang='lat'>50</span> 
     </span>
    </p>
   </div>
  </div>
 </body>
</html>
