2099 3516
377 262 447 298 300
848 259 1053 295 LITTERAE
1087 258 1431 303 QUADmMEsTREs

330 379 605 430 propositum
635 380 782 417 tamen
811 377 942 416 habet
972 374 1247 427 ingrediendi
1277 373 1553 419 Societatem,
1576 372 1704 412 cuius
1732 372 1864 411 etiam
1887 383 1950 411 re-

333 444 461 494 gulas
481 443 566 482 sibi
596 442 691 482 dari
722 441 1025 481 obseruandas
1053 450 1331 489 summopere
1360 437 1544 488 cupiuit.
1575 437 1798 476 Vocantur
1817 436 1948 475 etiam

331 507 469 547 nostri
504 507 752 546 sacerdotes
782 508 870 544 tam
900 505 956 543 ad
985 504 1158 542 nobiles
1205 513 1430 553 personaS,
1468 513 1599 552 quam
1635 500 1690 539 ad
1732 499 1948 550 captiuos,

333 571 588 622 praesertim
618 582 693 609 eos
722 569 797 620 qui
828 570 966 607 morte
1002 566 1217 618 plectendi
1240 567 1359 612 sunt,
1383 565 1629 604 audiendae
1658 563 1950 603 conFessionis

333 647 489 682 causa,
523 647 571 674 ac
602 646 741 684 nuper
771 644 888 672 unus
918 644 940 671 e
970 631 1135 670 nostris
1170 630 1377 669 Patribus
1407 631 1561 680 rogatu
1592 628 1760 668 domini
1790 627 1953 678 capita-

334 700 405 739 nei
448 699 669 750 quendam
712 697 954 747 captiuum,
985 696 1113 735 cuius
1142 695 1266 745 prius
1300 694 1619 733 confessionem
1652 692 1865 738 audierat,
1897 691 1953 730 ad

334 765 479 803 locum
512 774 650 813 usque
680 761 885 812 supplici]
919 761 1155 800 comitatus
1197 761 1239 798 et
1280 758 1536 798 consolatus
1578 759 1656 796 est.
1702 756 1953 797 Christiana

335 840 509 880 quoque
540 840 644 878 pace
674 826 801 866 multi
832 828 936 865 sunt
970 827 1221 864 nostrorum
1266 824 1447 862 Patrum
1489 834 1621 873 opera
1664 820 1952 868 reconciliati,

335 894 409 944 qui
454 892 679 932 diuturnis
725 890 841 941 odijs
885 890 930 929 in
962 891 1160 929 mutuam
1208 888 1432 939 pernicien
1479 886 1871 936 conspirauerant;
1903 896 1955 924 ex

336 958 499 1008 quibus
528 968 646 996 unus
675 956 959 994 manifestum
991 954 1235 1005 periculum
1269 953 1394 992 alteri
1431 952 1698 997 minabatur,
1729 950 1845 989 alius
1874 949 1956 988 ini-

339 1022 449 1061 mico
479 1034 559 1061 suo
598 1020 899 1060 clandestinas
941 1019 1096 1058 mortis
1139 1018 1327 1057 insidias
1371 1017 1577 1068 parabat3
1624 1015 1697 1065 alij
1744 1015 1847 1061 duo,
1879 1014 1955 1065 qui

337 1086 467 1126 uanis
496 1085 678 1125 omnino
708 1084 862 1124 mundi
892 1084 1028 1123 huius
1053 1082 1272 1122 illecebris
1293 1081 1477 1121 inmersi
1498 1080 1780 1125 uidebantur,
1803 1091 1829 1117 a
1858 1090 1957 1117 nos-

336 1151 416 1190 tris
446 1149 661 1201 persuasi,
695 1149 868 1200 plumas
911 1160 1022 1199 quas
1060 1148 1283 1198 gerebant,
1315 1148 1571 1196 caeteraque
1613 1143 1809 1183 leuitatis
1852 1142 1958 1182 insi-

337 1216 440 1266 gnia
484 1227 573 1254 non
616 1214 849 1253 difficulter
895 1213 1164 1252 abiecerunt.
1197 1211 1282 1261 Qui
1326 1222 1455 1261 porro
1497 1209 1663 1260 captiui
1706 1208 1959 1248 detinentur

337 1280 601 1326 carceribus,
645 1279 714 1318 uel
756 1279 803 1318 in
846 1277 1145 1328 hospitalibus
1188 1288 1416 1328 pauperes,
1464 1275 1534 1314 uel
1581 1274 1746 1325 passim
1794 1272 1957 1312 infirmi

338 1347 457 1391 sunt,
502 1344 641 1383 nostri
689 1343 862 1394 collegij
914 1342 1172 1382 charitatem
1221 1352 1538 1391 saepenumero
1585 1338 1872 1389 experiuntur
1917 1339 1960 1376 et

341 1409 666 1457 commendant,
698 1419 887 1458 quorum
917 1407 1118 1457 exempla
1146 1405 1484 1456 subijcerentur,
1507 1404 1594 1443 nisi
1625 1402 1830 1442 breuitati
1860 1413 1961 1441 con-

339 1474 574 1513 sulendum
604 1475 732 1512 esset.

417 1539 454 1577 6.
488 1537 769 1587 Quamobren
799 1548 941 1588 neque
972 1548 1232 1587 magnorum
1266 1535 1494 1574 hominum
1524 1545 1627 1584 erga
1660 1544 1742 1572 nos
1763 1532 1958 1570 fauorem

339 1603 411 1642 hic
442 1603 593 1642 multis
616 1613 869 1653 prosequor.
891 1601 1210 1641 Serenissimus
1231 1600 1434 1651 princeps
1455 1611 1533 1650 pro
1555 1597 1807 1637 redimenda
1829 1596 1959 1635 domo

340 1667 447 1707 noui
490 1666 662 1717 collegij
710 1678 850 1716 nuper
892 1678 916 1705 a
946 1665 989 1706 S.
1032 1665 1076 1705 C.
1110 1665 1164 1705 M.
1197 1665 1327 1704 nohis
1374 1663 1629 1714 impetrauit
1659 1662 1736 1701 700
1780 1661 1958 1709 taleros,

340 1744 451 1783 quos
480 1732 681 1783 alioquin
712 1731 1028 1782 persoluendos
1067 1742 1092 1769 a
1122 1730 1252 1769 nobis
1294 1729 1431 1769 fuisse
1475 1729 1646 1779 praeter
1687 1724 1961 1765 serenissimi

339 1797 553 1848 principis
582 1808 632 1836 ac
662 1798 860 1835 nostrum
901 1795 1100 1835 omnium
1143 1794 1398 1845 opinionem
1444 1793 1564 1843 regia
1606 1803 1778 1831 camera
1820 1789 1962 1829 literis

339 1862 606 1914 quibusdam
628 1861 972 1900 demonstrabat.
996 1859 1134 1910 Saepe
1154 1871 1236 1898 nos
1265 1859 1396 1898 etiam
1432 1869 1513 1897 sua
1533 1856 1749 1896 celsitudo
1769 1854 1963 1894 consulit

341 1927 387 1966 in
407 1926 702 1966 conscientiae
723 1926 915 1972 casibus,
948 1927 1187 1975 nostroque
1216 1926 1303 1963 stat
1333 1922 1512 1969 iudicio,
1544 1920 1751 1972 quamuis
1768 1919 1860 1970 alij,
1884 1930 1963 1958 nec

342 1991 522 2037 indocti,
555 2001 877 2040 nonnunquam
906 1989 1034 2028 aliter
1076 1988 1285 2035 sentiant,
1330 1999 1380 2026 ac
1424 1985 1686 2037 persuadere
1732 1985 1960 2023 conentur.

342 2056 456 2095 Hinc
486 2055 621 2106 petito
650 2066 675 2093 a
706 2054 835 2093 nobis
855 2054 1058 2099 consilio,
1091 2065 1180 2092 non
1211 2052 1409 2103 permisit
1431 2053 1478 2091 ut
1507 2051 1765 2090 iudaeorum
1786 2047 1963 2099 paruuli

342 2120 498 2160 inuitis
528 2119 785 2170 parentibus
814 2119 1158 2169 baptizarentur,
1190 2117 1481 2169 quantumuis
1502 2115 1625 2155 aliud
1653 2114 1834 2166 quidam
1864 2124 1964 2152 con-

342 2186 550 2225 sulerent.
584 2184 698 2223 Hinc
728 2184 987 2223 iudaeorum
1017 2183 1242 2233 orphanos
1271 2184 1559 2232 congregatos
1589 2191 1742 2219 omnes
1785 2178 1839 2218 ad
1882 2188 1965 2216 nos

344 2250 478 2297 misit,
500 2261 588 2300 quo
609 2249 824 2300 paulatim
845 2248 900 2287 ad
921 2248 1250 2298 suscipiendam
1271 2246 1434 2287 Christi
1456 2246 1586 2285 fidem
1608 2244 1960 2288 instituerentur,

344 2315 445 2354 licet
473 2326 548 2354 eos
577 2317 730 2364 postea
759 2313 991 2358 dimiserit,
1023 2313 1141 2363 quod
1171 2312 1318 2351 iudaei
1349 2311 1483 2350 nimis
1517 2311 1768 2360 importune
1797 2307 1853 2346 ad
1890 2318 1965 2346 eos

344 2379 622 2418 redimendos
651 2378 937 2417 solicitarent.
971 2377 1092 2416 Libri
1122 2377 1300 2428 quidam
1333 2375 1589 2427 germanici,
1639 2385 1751 2425 quos
1797 2373 1845 2411 R.
1891 2372 1962 2411 Pr.

346 2443 641 2483 Prouincialis
656 2442 940 2482 serenissimo
958 2442 1146 2493 principi
1165 2442 1358 2488 miserat,
1374 2441 1434 2480 ita
1451 2441 1726 2492 placuerunt,
1741 2440 1789 2478 ut
1805 2437 1967 2477 diceret

345 2521 391 2548 se
420 2509 565 2560 ipsum
596 2507 762 2559 gratias
791 2519 868 2558 pro
898 2509 987 2546 tam
1018 2507 1284 2558 gratissimis
1304 2506 1564 2545 muneribus
1592 2506 1808 2543 acturum.
1841 2500 1966 2542 R.diSS

346 2573 644 2614 Commendon
675 2584 700 2611 a
729 2572 894 2611 nostris
923 2572 1137 2611 studiosis
1165 2571 1356 2622 eleganti
1386 2570 1580 2610 carmine
1612 2569 1820 2618 exceptus
1849 2566 1967 2617 apud

346 2650 427 2677 nos
458 2649 617 2688 magna
652 2636 803 2688 populi
845 2636 1081 2676 deuotione
1110 2636 1365 2683 celebrauit,
1396 2646 1580 2686 nosque,
1612 2635 1661 2673 ut
1689 2633 1845 2672 fratres
1874 2642 1967 2670 am-

346 2703 517 2753 plexus,
540 2701 777 2753 aliquoties
805 2712 911 2740 Suae
933 2713 1110 2740 mensae
1130 2701 1348 2741 adhibuit.
1379 2701 1429 2741 R.
1460 2699 1668 2739 dominus
1688 2695 1967 2749 praepositus

347 2767 393 2807 in
423 2768 620 2806 nostram
649 2777 699 2805 ac
727 2764 899 2816 collegij
933 2765 1040 2805 noui
1070 2765 1256 2816 gratiam
1287 2765 1402 2804 nihil
1431 2776 1522 2804 non
1550 2775 1630 2814 pro
1658 2774 1739 2802 sua
1760 2760 1968 2800 facultate

347 2832 537 2871 libenter
564 2843 614 2871 ac
642 2830 797 2870 sedulo
827 2829 945 2870 facit.
979 2830 1082 2870 Istis
1110 2831 1269 2870 diebus
1305 2842 1406 2870 cum
1448 2829 1515 2868 illi
1558 2826 1968 2868 commendaremus

348 2896 573 2936 studiosos
602 2906 832 2947 pauperes,
863 2896 1035 2945 praeter
1054 2897 1289 2935 consuetas
1308 2893 1600 2934 eleemosinas
1632 2890 1818 2931 donauit
1838 2888 1969 2929 nobis

350 2962 400 3000 10
427 2961 604 3009 taleros,
635 2960 799 3012 quibus
827 2970 1059 3010 possemus
1100 2960 1165 3000 eis
1194 2959 1467 3000 necessarios
1508 2958 1647 2998 libros
1675 2967 1830 2996 emere.
1876 2953 1969 2993 Pri-

349 3037 444 3065 mas
459 3025 656 3065 ciuitatis
676 3024 906 3076 pragensis
926 3025 1192 3075 quibusdam
1209 3023 1408 3075 donarijs
1427 3035 1509 3063 nos
1525 3021 1766 3073 aliquando
1786 3019 1965 3067 salutat,
