2099 3516
430 241 476 275 545
902 238 1103 275 Ll'rTERAE
1137 240 1482 284 QUAummusrnws

383 358 425 396 lo
445 366 463 383 ἢ
494 358 645 397 multis
675 358 759 396 iam
791 357 948 395 diebus
977 356 1157 405 utimur,
1190 357 1366 397 residuo
1395 357 1546 407 templi
1572 358 1769 397 nondum
1791 357 1808 383 b
1828 359 2001 397 coroni-

382 422 480 462 dem
510 422 640 472 adijci
672 421 797 461 licuit
828 423 1002 471 propter
1030 421 1244 471 hyemem.
1288 421 1605 472 [mpedimento
1634 422 1766 461 etiam
1791 422 2000 462 deambu—

383 486 589 525 latorium
620 485 717 532 fuit,
749 485 865 535 quod
896 484 1130 534 perfectam
1162 485 1254 538 [sic]
1286 486 1371 525 iam
1404 485 1532 525 nobis
1561 488 1625 525 est
1656 486 1771 525 usui.

462 552 498 590 7.
531 551 689 590 Sancta
720 549 969 589 natiuitatis
998 551 1123 589 nocte
1153 551 1394 590 matutinas
1424 551 1570 596 horas,
1603 553 1644 590 et
1673 551 1779 601 galli
1806 562 1995 591 sacrum.

383 616 538 655 fratres
567 618 607 654 et
638 616 789 654 Patres
817 616 1131 661 cantauerunt;
1167 617 1263 665 post
1291 615 1423 666 quod,
1465 615 1592 654 multi
1622 615 1799 655 vitalem
1832 615 1995 655 Christi

381 681 529 720 cibum
558 681 882 730 asumpserunt,
914 679 1071 718 deinde
1102 680 1148 718 P.
1182 680 1271 720 Β.οΓ
1300 680 1559 730 loquutione
1601 680 1724 719 breui
1769 680 2001 720 audientes

384 744 608 784 recreauit.
639 744 843 783 Nostrum
875 743 1074 782 omnium
1104 744 1315 794 gaudium
1355 744 1438 783 fuit
1476 744 1648 794 ingens.
1680 744 1797 795 quod
1833 756 1919 783 nox
1949 757 1997 784 ea

381 821 471 848 non
501 809 623 855 iocis,
646 808 722 847 sed
752 807 924 847 actibus
954 807 1177 858 frugiferis
1206 808 1439 847 laberetur.
1474 808 1680 847 Nostrum
1710 808 1998 848 circuncisio-

382 873 451 913 nis
481 875 640 912 festum
670 872 934 923 peregimus,
967 872 1241 912 franciscano
1280 874 1407 912 Patre
1439 879 1585 924 (quem
1633 875 1725 912 tota
1768 875 1854 912 tere
1894 874 2000 912 urbs

381 937 596 988 sequitur)
617 936 919 976 concionante.
954 936 1071 975 Haec
1090 938 1131 975 et
1151 937 1238 976 alia
1267 937 1464 977 custodis
1490 937 1866 976 franciscanorum
1895 949 1997 987 erga

381 1014 463 1041 nos
492 1002 688 1041 studium
720 1003 949 1040 testantur.
982 1001 1043 1040 Eo
1072 1001 1142 1040 die
1171 1002 1379 1041 fundator
1407 1004 1556 1041 noster
1584 1014 1669 1041 vna
1699 1013 1798 1041 cum
1828 1001 1998 1041 concio-

381 1069 533 1106 natore
562 1068 603 1105 et
632 1066 734 1117 alijs
763 1066 910 1105 decem
949 1066 1237 1106 duodecimue
1280 1069 1384 1106 sunt
1426 1079 1450 1105 a
1493 1067 1622 1106 nobis
1664 1067 1717 1105 ad
1764 1066 1996 1116 prandium

382 1131 574 1171 inuitati.
608 1131 847 1171 Fundatori
878 1131 924 1170 in
953 1131 1047 1170 dies
1076 1131 1230 1170 crescit
1259 1144 1403 1179 amor3
1436 1132 1648 1181 comperit
1677 1131 1794 1170 enim
1823 1133 1865 1170 et
1893 1143 1998 1182 quo-

382 1196 595 1235 tidiannis
624 1195 754 1235 discit
782 1195 1094 1246 experimentis
1114 1208 1159 1235 se
1180 1208 1269 1235 non
1300 1196 1499 1235 incasum
1521 1198 1561 1235 et
1588 1196 1750 1235 frustra
1779 1196 1992 1235 laborare.

381 1261 442 1300 De
471 1260 542 1300 his
571 1263 753 1300 actenus
782 1259 877 1300 R.de
908 1260 954 1299 P.
988 1260 1230 1311 Super[e]st
1273 1261 1318 1300 P.
1348 1260 1396 1300 T.
1429 1260 1687 1311 suppliciter
1728 1272 1908 1299 exorare
1951 1263 1998 1299 ut

381 1337 462 1365 nos
491 1326 580 1365 Deo
610 1325 655 1364 in
685 1325 914 1376 sacrificijs
955 1325 1230 1365 commendet
1271 1337 1322 1365 ac
1365 1326 1582 1376 precibus,
1630 1328 1676 1364 ut
1718 1325 1997 1364 sanctissime

379 1390 476 1430 eius
505 1390 724 1429 uoluntati
764 1401 1010 1440 pareamus.
1043 1390 1306 1441 Methynnae
1327 1398 1340 1415 ⁰
1371 1390 1522 1440 Campi
1555 1391 1604 1429 10
1639 1389 1834 1429 Ianuarii
1880 1390 1993 1428 1561.

382 1455 427 1494 P.
462 1456 515 1495 M.
547 1455 732 1494 Joannis
763 1454 889 1494 Pauli
919 1454 1174 1494 comisione.
1208 1454 1255 1494 T.
1289 1455 1335 1494 P.
1370 1455 1489 1494 filius
1519 1454 1861 1505 indignissimus

1333 1545 1361 1593 ἢ·
1390 1543 1570 1583 GASPAR
1601 1543 1773 1583 As'rETE
1802 1544 1831 1593 ἢ·
1862 1545 1889 1582 ¹.

489 1654 539 1690 ln
572 1653 751 1701 angulo.
788 1650 883 1689 1561
917 1650 1090 1689 Medina
1128 1650 1197 1689 del
1227 1649 1402 1700 Campo.
1434 1649 1765 1699 Quadrimestra
1797 1649 1840 1688 ‹li
1874 1650 1923 1688 10
1952 1650 1995 1688 di

380 1715 560 1755 Genaio.
598 1715 768 1755 Diuersi
799 1715 1134 1764 Quadrimestri.

1129 1945 1243 1993 470

755 2085 806 2134 Ρ.
867 2084 1157 2134 ΙΟΑΝΝΕΞ
1213 2083 1625 2133 FERNANDEZ

826 2208 1097 2234 VALLISOLETO
1128 2198 1170 2232 10
1196 2207 1383 2233 IANUARH
1414 2197 1498 2231 1561
1528 2197 1552 2231 2.

377 2323 413 2356 1.
446 2318 562 2357 Socii
591 2319 752 2368 *viginti
772 2330 859 2365 sex,
884 2330 1074 2366 qaorum
1095 2318 1185 2355 octo
1206 2317 1465 2355 sacerdotes.
1492 2315 1707 2354 Caritatis
1729 2328 1861 2365 opera
1890 2328 1995 2365 ergja

485 2395 555 2421 eos
599 2384 674 2432 qai
717 2384 764 2420 in
807 2394 978 2420 carcere
1022 2382 1289 2426 detsirzsentmg
1321 2393 1427 2430 erya
1467 2382 1668 2430 yraviter
1698 2381 1993 2430 aegrotantes.

486 2448 621 2485 Multi
650 2447 706 2485 ad
735 2447 1017 2485 sacrmneuta
1047 2446 1269 2484 accedant.
1303 2446 1443 2484 Homo
1482 2447 1559 2495 qui
1601 2446 1697 2494 ficto
1728 2447 1878 2483 animo
1908 2447 1995 2494 spi-

484 2513 677 2550 ritualia
723 2512 932 2550 eoeercit‘ia
976 2523 1186 2560 peragere
1236 2511 1469 2559 inceperat,
1518 2511 1752 2560 resipiscit.
1808 2510 1994 2557 Quidam

485 2578 619 2615 morti
648 2577 902 2623 damnatus,
934 2588 1032 2614 cum
1056 2577 1189 2625 prius
1218 2576 1500 2614 sacramenta
1542 2576 1782 2625 respueret,
1818 2575 1996 2614 tandem

479 2642 657 2691 peccata
685 2653 770 2680 saa
798 2641 1016 2679 sacerdoti
1045 2641 1233 2689 apernit.
1265 2640 1494 2688 Frequens
1539 2640 1595 2678 ad
1638 2640 1861 2678 contiones
1897 2651 1995 2678 cow-

441 2784 459 2802 a
480 2776 593 2807 saello
616 2784 688 2807 ms,
714 2794 753 2797 ὴ
775 2774 793 2801 b
814 2774 897 2815 Seq.
923 2775 968 2806 ad
992 2774 1064 2806 del.
1090 2774 1108 2804 Ρ
1132 2793 1169 2794 ψ
1193 2782 1207 2800 e
1228 2773 1411 2805 Primam
1436 2783 1457 2805 n
1482 2773 1606 2806 addit.
1632 2783 1758 2814 snpra
1787 2782 1884 2805 vers.

443 2903 451 2918 ¹
478 2901 569 2933 Vide
591 2901 685 2933 Lite.
714 2900 931 2940 Quadrima..
957 2899 1017 2938 VI,
1041 2900 1113 2930 357.

438 2956 450 2972 2
472 2954 524 2985 Ex
546 2954 680 2994 origin.
704 2953 744 2985 in
766 2953 843 2985 cod.
870 2952 981 2993 Htsp.
1006 2952 1065 2988 98,
1090 2951 1125 2983 ff.
1150 2952 1201 2990 30,
1225 2951 1287 2984 31:
1313 2951 1416 2991 prius
1449 2952 1521 2983 251.
1558 2950 1784 2982 Praecedunt
1815 2950 1853 2981 in
1875 2949 1911 2981 ff.
1937 2950 1991 2981 26-

377 3007 428 3045 27,
452 3007 547 3038 υ28-929
569 3006 641 3038 duo
664 3006 829 3047 exempla
852 3006 970 3037 latina
993 3004 1080 3036 data
1103 3003 1251 3035 Pintiae
1273 3003 1293 3034 5
1316 3003 1399 3035 idus
1424 3003 1501 3036 Ian.
