2099 3516
409 257 479 295 528
948 257 1151 295 LITTERAE
1185 256 1528 301 QUADRIMESTRES

366 376 648 425 monialibus,
680 376 844 427 quibus
868 376 995 427 juxta
1025 373 1365 415 constitutiones
1394 374 1569 412 nostras
1598 373 1868 412 subuentum
1898 374 1976 412 est.

364 441 532 481 Horum
575 441 773 480 omnium
817 452 994 480 causam
1040 439 1176 478 fuisse
1222 437 1443 477 credimus
1485 436 1719 476 conciones
1766 436 1980 487 quasdam

364 506 557 545 maximo
599 517 696 545 cum
746 506 916 545 feruore
958 517 1007 544 ac
1050 503 1207 554 spiritu
1239 503 1293 541 ab
1322 501 1474 541 eodem
1518 501 1693 540 habitas
1722 501 1767 540 in
1798 500 1981 540 ecclesia

363 570 562 621 principe
590 572 632 609 et
660 570 762 620 alijs
790 569 985 609 ciuitatis
1015 568 1170 619 hujus;
1194 567 1357 617 quibus
1387 566 1439 605 ad
1471 565 1640 605 diuinis
1670 566 1800 604 rebus
1824 576 1982 604 vacan-

362 636 466 675 dum
500 635 624 674 valde
653 635 837 674 animati
868 634 1045 673 fuerunt
1074 645 1240 679 omneS,
1264 634 1396 681 atque
1426 630 1586 670 solatio
1615 630 1774 670 affecti.
1800 630 1867 669 Ad
1898 630 1981 669 hoc

363 699 655 740 concionandi
700 711 877 745 munus,
923 698 968 737 in
1012 710 1172 748 magno
1215 695 1407 747 quodam
1450 695 1613 745 oppido
1644 695 1773 734 Pater
1801 695 1981 746 quidam

364 765 474 804 alter
516 764 678 815 petitus
722 764 818 809 fuit,
854 763 923 802 vbi
956 775 1042 802 non
1073 774 1227 813 parum
1271 760 1365 800 suis
1408 759 1697 800 concionibus
1740 760 1979 808 satisfecit3

365 830 602 869 multorum
647 829 763 868 enim
807 828 944 867 animi
975 828 1029 867 ad
1059 826 1359 866 confessiones
1388 827 1429 864 et
1459 824 1600 875 magis
1641 824 1710 875 pie
1740 824 1982 864 uiuendum

364 894 471 934 moti
501 896 619 933 sunt.

441 959 479 999 3.
510 957 773 998 Occasiones
803 956 1067 996 resarciendi
1098 955 1316 995 amicitias
1351 967 1440 994 non
1483 955 1682 994 defuere:
1715 954 1982 1005 quibusdam

365 1030 542 1073 nanque
584 1034 636 1062 ex
678 1023 842 1073 quibus
884 1022 1019 1072 hujus
1061 1020 1257 1060 ciuitatis
1301 1019 1459 1071 qui[es]
1499 1021 1541 1059 et
1584 1019 1706 1059 salus
1749 1019 1981 1070 pendebat,

364 1088 482 1138 quod
512 1087 627 1126 inter
656 1087 827 1126 nobiles
857 1088 1017 1132 essent,
1051 1086 1119 1124 Pr.
1168 1086 1326 1124 Rector
1367 1096 1543 1135 operam
1588 1096 1713 1123 suam
1748 1083 1981 1134 praestitit,

364 1155 406 1192 et
434 1164 508 1192 eas
538 1152 662 1192 breui
692 1151 892 1191 confecit.
926 1151 1052 1190 Aliae
1083 1152 1303 1200 praeterea
1333 1149 1507 1188 oblatae
1536 1150 1654 1195 sunt,
1682 1149 1846 1198 quibus
1874 1148 1985 1187 alter

366 1217 501 1268 hujus
530 1216 701 1267 collegij
736 1216 864 1255 Pater
893 1215 1095 1265 occupari
1127 1215 1252 1254 solet.
1286 1213 1400 1253 Huic
1438 1215 1604 1252 tantam
1636 1213 1853 1252 Dominus
1882 1224 1983 1252 con-

364 1282 467 1322 tulit
514 1281 699 1332 gratiam
747 1292 893 1320 coram
941 1279 1164 1325 omnibus,
1214 1281 1259 1317 vt
1307 1278 1481 1317 animos
1528 1278 1655 1317 valde
1702 1277 1981 1325 dissidentes,

365 1346 572 1396 quamuis
618 1346 753 1385 debiti
802 1345 1003 1384 remissio
1051 1343 1334 1389 interueniat,
1384 1344 1620 1393 componat
1672 1342 1813 1382 facile.
1865 1342 1984 1381 Idem

364 1411 495 1451 etiam
540 1411 668 1449 Pater
709 1422 809 1449 cum
852 1409 954 1459 alijs
993 1411 1034 1448 et
1063 1409 1116 1447 de
1147 1409 1278 1448 rebus
1307 1408 1361 1446 ad
1391 1407 1559 1447 cultum
1604 1408 1646 1446 et
1689 1407 1874 1459 gloriam
1905 1406 1983 1445 Dei

366 1475 689 1526 pertinentibus
719 1475 824 1525 agit,
857 1474 1113 1525 praesertim
1145 1485 1243 1512 cum
1275 1472 1415 1511 nobili
1446 1472 1638 1522 quodam
1668 1471 1804 1522 hujus
1832 1471 1985 1511 ciuita-

365 1540 422 1580 tis
466 1540 676 1591 principe,
707 1539 777 1578 rui
808 1542 895 1578 tam
939 1541 1058 1578 arcta
1100 1538 1364 1588 conjunctus
1407 1539 1472 1577 est
1516 1537 1725 1585 amicitia,
1760 1538 1804 1575 vt
1840 1548 1893 1575 ex
1935 1548 1984 1575 ea

366 1605 480 1644 idem
512 1604 677 1644 nobilis
706 1606 747 1643 et
776 1604 868 1655 alij,
892 1604 967 1653 qui
998 1615 1049 1642 ex
1080 1603 1214 1642 11111115
1243 1602 1335 1641 vita
1362 1602 1551 1652 pendent
1580 1603 1622 1641 et
1650 1601 1873 1652 operibus,
1898 1613 1986 1640 ma-

367 1680 503 1719 gnum
533 1668 682 1707 animo
712 1680 793 1707 5110
824 1669 1013 1707 fructum
1043 1667 1295 1717 decerpant.
1837 1660 1841 1664 ’

443 1734 482 1772 4.
515 1732 680 1772 Crescit
709 1732 752 1771 in
785 1732 879 1771 dies
908 1732 1238 1771 confessionum
1269 1742 1495 1778 numerus,
1519 1730 1682 1781 quibus
1708 1729 1795 1769 fere
1816 1741 1986 1780 semper

365 1797 621 1848 confessarij
666 1797 865 1847 occupati
896 1799 1014 1842 sunt,
1047 1798 1135 1835 tam
1178 1795 1297 1835 domi
1340 1807 1439 1835 cum
1470 1795 1526 1846 ijs
1555 1795 1631 1845 qui
1675 1795 1729 1834 ad
1773 1794 1985 1845 templum

365 1865 565 1902 nostrum
612 1862 885 1901 conueniunt
933 1862 1135 1912 (quorum
1182 1861 1296 1899 bona
1341 1872 1441 1911 pars
1485 1860 1688 1911 princeps
1723 1859 1820 1910 est),
1852 1871 1982 1910 quam

366 1927 473 1966 foris
514 1939 613 1966 cum
648 1926 846 1965 infirmis
875 1928 916 1965 et
960 1926 1004 1964 in
1048 1937 1218 1964 carcere
1247 1927 1289 1964 et
1318 1924 1639 1975 hospitalih11s;
1672 1935 1784 1977 quae
1822 1924 1917 1963 loca
1960 1937 1986 1964 a

366 1991 532 2030 nostris
561 1991 783 2030 interdum
815 1990 982 2029 visitari
1014 1990 1171 2030 solent.
1197 1990 1325 2029 Pater
1346 1990 1503 2028 Rector
1524 1989 1736 2040 quasdam
1760 1989 1986 2040 generales

366 2056 554 2103 audiuit,
587 2067 638 2095 ex
668 2067 856 2106 quarum
899 2055 1099 2105 exemplo
1143 2057 1386 2105 prouentus
1420 2054 1523 2094 huic
1553 2056 1754 2104 speratur
1782 2054 1983 2105 collegio,

366 2120 412 2160 in
455 2133 542 2171 quo
573 2120 729 2171 (gloria
772 2122 811 2159 et
856 2120 998 2158 honor
1028 2119 1132 2169 Deo)
1165 2119 1363 2158 valemus
1405 2130 1581 2166 omnes;
1615 2119 1853 2158 Dominum
1888 2130 1986 2157 nos-

367 2186 483 2224 trum
512 2187 688 2224 orantes
718 2185 830 2223 idem
862 2186 963 2223 tuae
992 2184 1039 2224 P.
1070 2184 1294 2231 concedat,
1326 2175 1376 2222 vt⁴
1397 2196 1472 2234 per
1500 2186 1542 2222 te
1574 2183 1730 2223 diuina
1757 2183 1985 2222 voluntate

366 2249 525 2289 imbuti
573 2261 897 2300 consequamur
944 2249 1145 2299 gratiam,
1191 2261 1278 2299 qua
1325 2261 1420 2288 eam
1470 2249 1655 2299 perfecte
1706 2248 1982 2299 impleamus.

367 2313 538 2353 Abulae
558 2314 583 2352 4
602 2313 672 2352 die
693 2313 975 2363 Septembris.
1001 2313 1131 2352 Anno
1156 2313 1270 2352 1561.

471 2378 519 2417 T.
554 2378 599 2417 P.
634 2378 846 2428 indignus
881 2377 924 2416 111
962 2376 1087 2417 Chro.
1124 2389 1294 2417 seruus.

1125 2467 1153 2515 †
1185 2466 1359 2505 PETRUS
1390 2466 1521 2505 MJNz.
1555 2476 1582 2505 A
1612 2466 1824 2505 BUXENTO
1853 2466 1882 2515 †
1902 2464 1929 2504 1'.

429 2603 437 2619 ¹
463 2601 502 2632 In
529 2614 543 2628 «
561 2600 762 2641 Cathalogo
786 2600 829 2631 de
853 2600 906 2631 los
936 2599 1068 2631 Padres
1093 2609 1112 2639 y
1138 2599 1235 2631 liros.
1261 2609 1331 2641 que
1355 2610 1399 2641 ay
1435 2609 1479 2631 en
1513 2601 1591 2632 este
1624 2600 1777 2641 collegio
1800 2600 1847 2631 da
1876 2591 1986 2631 Auila

365 2663 411 2686 en
434 2653 483 2685 fin
500 2654 544 2686 de
567 2653 868 2685 Diziembre1562
884 2666 898 2681 »
925 2653 1018 2693 (cod.
1041 2652 1143 2684 Cast.
1162 2653 1219 2685 131.
1245 2653 1268 2685 f.
1296 2654 1368 2693 170)
1392 2653 1436 2685 de
1455 2662 1497 2685 eo
1520 2653 1679 2685 dicitur:
1707 2665 1723 2681 «
1745 2651 1784 2684 ΕΙ
1811 2652 1865 2685 P.e
1896 2651 1985 2684 Pero

366 2707 543 2739 Martinez
566 2707 610 2739 de
634 2706 783 2747 Bugedo
807 2706 954 2737 natural
977 2706 1021 2737 de
1044 2705 1166 2745 Vayas
1192 2705 1338 2747 [Bayas]
1374 2706 1462 2738 cabe
1486 2706 1653 2738 Miranda
1675 2706 1719 2738 de
1742 2706 1848 2738 Ebro.
1874 2706 1923 2737 De
1945 2706 1985 2737 42

366 2761 456 2791 anos
479 2759 523 2791 de
546 2759 657 2798 edad;
682 2768 772 2799 poco
795 2759 872 2789 mas
896 2758 939 2789 de
963 2759 980 2789 7
1004 2758 1047 2789 (10
1070 2757 1213 2798 (lomna
1235 2769 1242 2793 ;
1268 2768 1305 2790 05
1330 2758 1509 2790 bachiller
1530 2768 1575 2790 en
1609 2760 1726 2800 artes3
1751 2758 1798 2790 ha
1823 2758 1985 2790 acabado

367 2822 410 2843 su
434 2812 641 2853 theologia:
667 2821 706 2843 es
743 2811 946 2844 confessor:
983 2819 1021 2842 es
1056 2820 1140 2850 muy
1166 2811 1329 2843 humilde
1364 2821 1383 2851 y
1419 2812 1640 2843 obseruante
1664 2811 1848 2852 religioso.
1873 2810 1985 2843 Tiene

367 2864 508 2896 buenas
528 2864 671 2897 fuerzas
694 2864 901 2905 corporales
924 2873 1014 2904 para
1037 2872 1078 2894 su
1106 2864 1323 2896 ministerio.
1349 2864 1460 2896 Entro
1477 2873 1522 2896 en
1539 2864 1772 2899 Salamanca:
1791 2860 1985 2895 resci'biolo

367 2918 399 2949 el
426 2918 448 2949 P
461 2927 474 2943 e
489 2943 496 2950 .
523 2917 738 2949 Hernandez
755 2929 784 2948 ».
803 2916 997 2957 Ingressus
1014 2917 1070 2947 est
1093 2916 1325 2951 Societatem,
1345 2917 1416 2948 iam
1434 2917 1616 2955 sacerdos
1635 2925 1759 2948 mense
1775 2916 1874 2957 Sept.
1892 2916 1983 2954 1555,

367 2971 409 3001 ut
436 2971 638 3002 annotatur
661 2970 699 3001 in
722 2969 800 3001 cod.
825 2968 1019 3000 Salmant.
1045 2968 1069 3001 I.
1096 2969 1118 3000 f.
1144 2969 1210 3000 3ν.
1237 2968 1468 3001 Concordant
1507 2978 1683 3010 responsa
1706 2969 1751 3000 ad
1783 2969 1985 3009 interroga-

367 3024 489 3055 tiones
512 3023 605 3055 Pris.
629 3022 748 3054 Nadal
769 3022 956 3063 (IV,V473).
