2099 3516
421 285 491 321 670
894 283 1098 318 er'rERAE
1125 281 1469 326 QUADRIMESTRES

376 403 536 449 ferunt,
568 402 685 454 quod
707 402 778 442 uel
799 401 969 445 timore,
994 400 1064 439 uel
1085 399 1217 438 etiam
1238 399 1394 438 timore
1413 406 1446 446 a,
1478 398 1614 438 libere
1634 399 1689 438 ad
1717 411 1799 439 nos
1820 399 1993 438 accede-

375 480 419 507 re
440 467 771 518 prohibeantur.
798 467 915 505 Inter
943 466 1137 504 coeteras
1168 475 1378 514 personas
1397 463 1636 503 afflictione
1660 463 1989 514 circumseptas,

376 544 463 572 una
494 532 576 571 fuit
597 543 709 582 quae
730 531 897 569 dudum
919 530 965 568 in
986 528 1134 568 animo
1155 528 1313 567 habuit
1334 527 1554 578 propriam
1577 527 1743 578 prolem
1764 527 1817 566 de
1848 527 1992 567 medio

374 597 540 640 tollere,
590 596 666 635 sed
695 594 896 644 consilijs
936 593 1064 632 bonis
1112 592 1158 631 in
1205 604 1326 642 spem
1382 594 1539 639 erecta,
1588 603 1762 631 omnem
1812 591 1991 642 pessimi

373 660 586 711 propositi
617 660 819 699 aculeum
841 659 1026 697 infixum
1048 657 1226 707 penitus
1247 657 1426 696 euulsit.
1451 656 1579 696 Aliae
1599 668 1711 707 quae
1740 668 1765 695 a
1795 656 1991 696 Sathana

373 726 548 765 fuerant
578 725 737 764 mirum
764 724 810 762 in
832 723 1010 762 modum
1032 722 1237 773 agitatae,
1260 721 1531 772 spectrisque
1553 721 1782 760 nocturnis
1802 721 1991 760 multum

373 791 571 836 uexatae,
602 787 896 828 confessionis
926 787 1117 825 remedio
1148 786 1209 825 ita
1239 786 1417 825 fuerunt
1445 785 1637 832 adiutae,
1670 787 1715 824 vt
1743 785 1831 824 iam
1861 785 1908 824 in
1928 797 1992 824 se—

372 866 478 893 curo
509 856 635 904 portu
665 853 878 903 nauigare
918 852 1167 891 uideantur.
1210 851 1406 890 Visitant
1447 850 1586 889 nostri
1629 850 1818 890 subinde
1859 862 1991 889 noso-

372 918 528 965 comia,
562 918 605 956 in
636 917 800 967 quibus
829 919 917 955 tam
949 915 1061 966 grati
1092 917 1198 954 sunt
1226 915 1508 966 pauperculis
1537 917 1579 954 et
1607 914 1810 962 infirmis,
1833 916 1881 954 ut
1901 926 1991 954 non

371 994 498 1021 secus
527 984 658 1032 atque
687 980 834 1031 angeli
865 981 920 1019 ab
949 980 1013 1019 eis
1043 982 1340 1030 expectentur,
1372 981 1414 1018 et
1452 978 1767 1030 suscipiantur,
1800 990 1991 1029 quorum

370 1046 503 1085 etiam
533 1045 860 1085 consolationes
889 1047 931 1083 et
960 1044 1254 1083 saluberrima
1283 1044 1451 1083 monita
1489 1043 1776 1094 cupidissime
1805 1044 1992 1094 amplec-

370 1112 536 1150 tuntur.
571 1110 834 1149 Accedimus
863 1109 995 1148 etiam
1019 1109 1163 1148 uocati
1195 1108 1241 1147 in
1271 1108 1478 1147 extremis
1498 1108 1777 1155 constitutos,
1809 1108 1988 1159 quibus,

372 1177 541 1226 praeter
568 1174 895 1214 consolationes
925 1176 965 1213 et
1000 1174 1273 1213 necessarias
1316 1173 1658 1221 admonitiones,
1690 1174 1773 1213 hoc
1815 1185 1991 1224 quoque

370 1239 568 1289 beneficij
602 1239 915 1289 impendimus,
939 1240 987 1278 ut
1007 1239 1216 1278 omnibus
1237 1250 1312 1278 eos
1333 1239 1621 1278 sacramentis
1651 1238 1833 1289 tempori
1870 1250 1991 1288 prae-

371 1304 532 1343 muniri
563 1315 782 1349 curemus,
814 1303 978 1353 quibus
1007 1303 1190 1354 alioqui,
1215 1303 1463 1342 tacentibus
1483 1303 1628 1352 nobis,
1651 1315 1740 1343 non
1761 1315 1859 1342 raro
1881 1303 1990 1342 forte

369 1368 665 1418 priuarentur.
699 1368 846 1407 Lectio
889 1367 1115 1407 doctrinae
1157 1368 1427 1407 christianae
1458 1368 1502 1407 in
1533 1368 1694 1407 sacello
1724 1368 1775 1407 D.
1809 1367 1989 1407 Nicolao

369 1445 508 1477 sacro,
541 1435 779 1484 nostroque
808 1433 996 1484 collegio
1026 1433 1291 1483 propinquo,
1324 1445 1443 1472 more
1474 1433 1724 1472 introducto
1755 1433 1864 1472 bene
1896 1444 1991 1483 pro-

368 1498 497 1546 cedit,
530 1509 828 1548 numerusque
857 1498 1110 1537 auditorum
1140 1498 1309 1537 crescit.
1335 1498 1453 1537 Haec
1481 1498 1738 1537 catechismi
1768 1496 1989 1537 enarratio

367 1565 491 1613 grata
520 1574 615 1602 esse
644 1564 840 1613 apparet,
866 1564 958 1602 tum
983 1565 1158 1613 propter
1188 1563 1248 1601 rei
1279 1563 1538 1611 nouitatem,
1561 1565 1656 1602 tum
1688 1564 1863 1613 propter
1893 1574 1986 1601 mu-

368 1627 448 1666 sici
478 1630 635 1666 cantus
664 1639 847 1666 suauem
880 1627 1173 1673 harmoniam,
1206 1640 1292 1678 qua
1336 1639 1431 1667 eam
1475 1627 1682 1678 discipuli
1727 1627 1881 1674 nostri,
1915 1639 1989 1666 ua-

370 1692 494 1731 riatis
524 1692 813 1731 cancionibus
843 1692 1066 1731 illustrare
1096 1693 1254 1732 solent.

447 1757 484 1795 4.
518 1756 740 1807 Superest,
762 1758 811 1795 ut
841 1757 1010 1807 aliquid
1041 1757 1241 1796 dicamus
1270 1757 1322 1796 de
1352 1760 1600 1796 exterorum
1622 1769 1725 1808 erga
1746 1768 1827 1796 nos
1850 1755 1987 1795 animi

367 1822 673 1872 propensione.
727 1822 778 1861 Et
821 1822 1111 1873 quantumuis
1151 1823 1278 1862 multi
1322 1823 1411 1862 sint
1455 1823 1568 1862 male
1612 1822 1755 1862 feriati
1785 1822 1988 1861 homines

367 1887 441 1937 qui
473 1887 710 1937 calumnijs
741 1899 822 1926 nos
852 1887 968 1937 apud
1005 1887 1190 1937 quosuis
1225 1888 1472 1935 traducant,
1509 1899 1559 1927 ac
1593 1887 1759 1938 optima
1789 1898 1988 1938 quaeque

366 1953 518 1989 nostra
537 1951 744 1990 exercitia
766 1951 811 1989 in
832 1951 1057 1990 sinistram
1081 1951 1256 2001 rapiant
1276 1954 1459 2002 partem,
1478 1954 1583 1991 sunt
1604 1954 1749 1991 tamen
1772 1951 1987 2002 plurimae

366 2015 596 2065 utriusque
626 2027 773 2063 sexus,
804 2017 891 2054 tam
924 2015 1117 2063 nomine,
1148 2028 1281 2066 quam
1304 2016 1514 2066 potentia,
1533 2017 1726 2056 celebres
1757 2027 1983 2066 personae,

366 2091 478 2130 quae
509 2080 638 2118 nobis
667 2092 719 2118 ex
749 2080 898 2119 animo
928 2081 1039 2119 bene
1060 2080 1250 2121 faueant.
1274 2081 1329 2120 Vt
1349 2082 1404 2120 ab
1426 2081 1675 2120 illustriss.0
1706 2083 1857 2120 nostro
1877 2080 1987 2119 duce

368 2144 633 2195 principium
677 2156 866 2193 sumam,
898 2147 965 2184 est
994 2145 1032 2183 is
1061 2145 1238 2195 quidem
1285 2148 1434 2185 noster
1466 2148 1676 2184 constans
1703 2147 1746 2184 et
1776 2148 1987 2195 patronus

365 2210 407 2247 et
436 2209 635 2247 Mecenas
664 2209 1060 2256 clementissimus;
1095 2210 1247 2259 probat
1275 2212 1474 2250 nostrum
1496 2210 1759 2261 procedendi
1790 2210 1984 2257 modum,

365 2273 513 2312 omnia
550 2273 636 2312 fere
679 2274 893 2318 concedit,
925 2286 1038 2324 quae
1082 2275 1137 2313 ab
1178 2286 1229 2313 eo
1275 2274 1477 2325 petimus.
1512 2275 1604 2314 Hoc
1634 2274 1813 2314 biennio
1846 2274 1983 2322 finito,

365 2349 452 2387 quo
485 2338 554 2376 hic
584 2338 803 2389 Monachij
850 2338 1043 2377 Societas
1082 2338 1187 2388 agit,
1221 2339 1359 2378 multa
1388 2341 1429 2378 et
1460 2339 1656 2390 preciosa
1700 2339 1910 2378 beneficia
1939 2339 1985 2377 in

366 2405 564 2442 nostruin
595 2403 846 2453 collegium,
878 2403 916 2442 si
947 2415 1135 2453 usquam
1165 2403 1329 2453 aliquis
1358 2404 1577 2454 princeps,
1610 2416 1687 2455 pro
1708 2416 1789 2443 sua
1810 2403 1985 2442 heroica

365 2466 630 2506 liberalitate
659 2468 862 2507 contulit.
896 2467 1055 2506 Paucis
1085 2470 1186 2506 ante
1215 2468 1372 2507 diebus
1415 2469 1657 2519 supplicem
1703 2469 1902 2508 libellum
1932 2468 1984 2507 de

365 2530 596 2570 Societatis
625 2534 667 2571 et
695 2532 964 2571 christianae
995 2532 1263 2582 reipublicae
1307 2534 1487 2572 maximi
1532 2534 1741 2573 momenti
1785 2534 1916 2573 rebus
1944 2533 1983 2572 ei

363 2596 623 2643 obtulimus,
657 2597 784 2635 cuius
815 2597 1017 2646 petitioni
1048 2597 1168 2636 haud
1211 2598 1413 2637 abnuens
1456 2599 1681 2648 negotium
1720 2600 1857 2637 totum
1889 2597 1984 2637 suis

364 2660 633 2711 consiliarijs
656 2660 710 2699 ad
731 2663 931 2711 optatum
952 2661 1082 2700 nobis
1103 2661 1234 2700 finem
1258 2663 1598 2712 perducendum,
1616 2663 1850 2703 commisit.
1874 2662 1983 2703 Cum

364 2725 599 2764 transactis
630 2726 700 2764 his
730 2729 831 2764 ante
862 2726 1104 2773 mensibus,
1128 2726 1307 2777 quidam
1329 2739 1381 2766 ex
1403 2728 1569 2766 nostris
1590 2728 1778 2778 primum
1809 2739 1983 2767 sacrum

364 2789 546 2828 solenne
576 2790 750 2837 faceret,
781 2790 836 2829 ad
866 2790 1101 2841 collegium
1132 2791 1298 2830 cibaria
1327 2792 1437 2831 duce
1475 2793 1608 2843 digna
1641 2805 1728 2832 una
1757 2805 1853 2832 cum
1888 2804 1983 2842 pro-

364 2853 459 2902 prio
503 2866 620 2897 coco,
652 2855 728 2905 qui
772 2855 923 2894 eadem
967 2858 1262 2905 praepararet,
1296 2857 1431 2896 misit.
1465 2858 1646 2897 Inuitati
1690 2859 1794 2897 sunt
1832 2869 1883 2896 eo
1912 2857 1982 2896 die

363 2918 501 2968 aliqui
531 2919 728 2958 ciuitatis
749 2919 917 2958 domini
948 2921 990 2958 et
1020 2919 1216 2971 primarij
1241 2921 1340 2965 uiri,
1363 2923 1411 2960 ut
1436 2934 1517 2961 sua
1539 2923 1785 2972 praesentia
1815 2933 1981 2961 nouum

430 3060 446 3078 a
469 3052 535 3083 Sic
559 3062 642 3089 ms„
668 3054 766 3094 forte
788 3053 913 3085 voluit
935 3055 1105 3086 scribere
1143 3055 1286 3088 rubore,
