<?xml version="1.0" encoding="UTF-8"?>
<!DOCTYPE html PUBLIC "-//W3C//DTD XHTML 1.0 Transitional//EN"
    "http://www.w3.org/TR/xhtml1/DTD/xhtml1-transitional.dtd">
<html xmlns="http://www.w3.org/1999/xhtml" xml:lang="en" lang="en">
 <head>
  <title>
</title>
<meta http-equiv="Content-Type" content="text/html;charset=utf-8" />
  <meta name='ocr-system' content='tesseract 3.04.00' />
  <meta name='ocr-capabilities' content='ocr_page ocr_carea ocr_par ocr_line ocrx_word'/>
</head>
<body>
  <div class='ocr_page' id='page_1' title='image "./litteraequadrime19lain_0431.png"; bbox 0 0 2099 3516; ppageno 0'>
   <div class='ocr_carea' id='block_1_1' title="bbox 566 251 1699 289">
    <p class='ocr_par' dir='ltr' id='par_1_1' title="bbox 566 251 1699 289">
     <span class='ocr_line' id='line_1_1' title="bbox 566 251 1699 289; baseline 0.002 -2"><span class='ocrx_word' id='word_1_1' title='bbox 566 252 647 288; x_wconf 78' lang='lat'>549.</span> <span class='ocrx_word' id='word_1_2' title='bbox 674 273 718 277; x_wconf 87' lang='lat'>——</span> <span class='ocrx_word' id='word_1_3' title='bbox 744 251 886 288; x_wconf 81' lang='lat' dir='ltr'><strong>EBORA</strong></span> <span class='ocrx_word' id='word_1_4' title='bbox 911 252 958 288; x_wconf 62' lang='lat'>026</span> <span class='ocrx_word' id='word_1_5' title='bbox 986 252 1170 288; x_wconf 70' lang='lat' dir='ltr'>Auousw</span> <span class='ocrx_word' id='word_1_6' title='bbox 1200 252 1286 287; x_wconf 82' lang='lat'>1561</span> <span class='ocrx_word' id='word_1_7' title='bbox 1629 254 1699 289; x_wconf 77' lang='lat'>405</span> 
     </span>
    </p>
   </div>
   <div class='ocr_carea' id='block_1_2' title="bbox 115 370 1753 2640">
    <p class='ocr_par' dir='ltr' id='par_1_2' title="bbox 118 370 1748 606">
     <span class='ocr_line' id='line_1_2' title="bbox 118 370 1747 421; baseline 0.001 -11"><span class='ocrx_word' id='word_1_8' title='bbox 118 370 418 410; x_wconf 90' lang='lat' dir='ltr'>confitendum</span> <span class='ocrx_word' id='word_1_9' title='bbox 448 370 656 421; x_wconf 82' lang='lat' dir='ltr'>deinceps</span> <span class='ocrx_word' id='word_1_10' title='bbox 686 373 863 421; x_wconf 88' lang='lat' dir='ltr'>peccata</span> <span class='ocrx_word' id='word_1_11' title='bbox 892 371 1009 421; x_wconf 83' lang='lat' dir='ltr'>apud</span> <span class='ocrx_word' id='word_1_12' title='bbox 1040 373 1217 410; x_wconf 86' lang='lat' dir='ltr'>nostros</span> <span class='ocrx_word' id='word_1_13' title='bbox 1246 371 1595 410; x_wconf 82' lang='lat' dir='ltr'>adducebantur.</span> <span class='ocrx_word' id='word_1_14' title='bbox 1630 372 1747 411; x_wconf 90' lang='lat' dir='ltr'>Haec</span> 
     </span>
     <span class='ocr_line' id='line_1_3' title="bbox 119 435 1748 487; baseline -0.001 -11"><span class='ocrx_word' id='word_1_15' title='bbox 119 438 223 476; x_wconf 90' lang='lat' dir='ltr'>sunt</span> <span class='ocrx_word' id='word_1_16' title='bbox 252 448 366 487; x_wconf 83' lang='lat' dir='ltr'>quae</span> <span class='ocrx_word' id='word_1_17' title='bbox 395 436 514 475; x_wconf 91' lang='lat' dir='ltr'>Deus</span> <span class='ocrx_word' id='word_1_18' title='bbox 543 435 749 486; x_wconf 76' lang='lat' dir='ltr'>Optimus</span> <span class='ocrx_word' id='word_1_19' title='bbox 778 435 998 475; x_wconf 84' lang='lat' dir='ltr'>Maximus</span> <span class='ocrx_word' id='word_1_20' title='bbox 1027 447 1133 475; x_wconf 89' lang='lat' dir='ltr'>suae</span> <span class='ocrx_word' id='word_1_21' title='bbox 1163 436 1396 476; x_wconf 89' lang='lat' dir='ltr'>Societatis</span> <span class='ocrx_word' id='word_1_22' title='bbox 1438 448 1571 487; x_wconf 89' lang='lat' dir='ltr'>opera</span> <span class='ocrx_word' id='word_1_23' title='bbox 1600 436 1647 476; x_wconf 91' lang='lat' dir='ltr'>in</span> <span class='ocrx_word' id='word_1_24' title='bbox 1676 437 1748 476; x_wconf 90' lang='lat' dir='ltr'>his</span> 
     </span>
     <span class='ocr_line' id='line_1_4' title="bbox 118 500 1748 552; baseline 0 -11"><span class='ocrx_word' id='word_1_25' title='bbox 118 501 229 541; x_wconf 90' lang='lat' dir='ltr'>locis</span> <span class='ocrx_word' id='word_1_26' title='bbox 257 501 421 547; x_wconf 83' lang='lat' dir='ltr'>effecit;</span> <span class='ocrx_word' id='word_1_27' title='bbox 455 500 565 540; x_wconf 81' lang='lat' dir='ltr'>faxit</span> <span class='ocrx_word' id='word_1_28' title='bbox 594 500 727 543; x_wconf 77' lang='lat' dir='ltr'>idem.</span> <span class='ocrx_word' id='word_1_29' title='bbox 760 503 809 540; x_wconf 87' lang='lat' dir='ltr'>ut</span> <span class='ocrx_word' id='word_1_30' title='bbox 851 501 959 540; x_wconf 86' lang='lat' dir='ltr'>haec</span> <span class='ocrx_word' id='word_1_31' title='bbox 988 501 1043 540; x_wconf 89' lang='lat' dir='ltr'>ad</span> <span class='ocrx_word' id='word_1_32' title='bbox 1074 501 1217 551; x_wconf 90' lang='lat' dir='ltr'>ipsius</span> <span class='ocrx_word' id='word_1_33' title='bbox 1246 500 1431 552; x_wconf 82' lang='lat' dir='ltr'>gloriam</span> <span class='ocrx_word' id='word_1_34' title='bbox 1463 503 1505 540; x_wconf 93' lang='lat' dir='ltr'>et</span> <span class='ocrx_word' id='word_1_35' title='bbox 1535 501 1748 541; x_wconf 78' lang='lat' dir='ltr'>honorem</span> 
     </span>
     <span class='ocr_line' id='line_1_5' title="bbox 118 565 1013 606; baseline 0 -1"><span class='ocrx_word' id='word_1_36' title='bbox 118 566 286 605; x_wconf 87' lang='lat' dir='ltr'>maiora</span> <span class='ocrx_word' id='word_1_37' title='bbox 316 566 363 605; x_wconf 91' lang='lat' dir='ltr'>in</span> <span class='ocrx_word' id='word_1_38' title='bbox 393 565 487 606; x_wconf 91' lang='lat' dir='ltr'>dies</span> <span class='ocrx_word' id='word_1_39' title='bbox 518 566 789 605; x_wconf 87' lang='lat' dir='ltr'>incrementa</span> <span class='ocrx_word' id='word_1_40' title='bbox 819 568 1013 605; x_wconf 68' lang='lat' dir='ltr'>sumant.</span> 
     </span>
    </p>

    <p class='ocr_par' dir='ltr' id='par_1_3' title="bbox 115 630 1753 2640">
     <span class='ocr_line' id='line_1_6' title="bbox 197 630 1748 681; baseline 0.001 -12"><span class='ocrx_word' id='word_1_41' title='bbox 197 631 234 670; x_wconf 89' lang='grc'>7.</span> <span class='ocrx_word' id='word_1_42' title='bbox 267 630 393 680; x_wconf 85' lang='lat' dir='ltr'>Quod</span> <span class='ocrx_word' id='word_1_43' title='bbox 422 630 580 670; x_wconf 79' lang='lat' dir='ltr'>attinet</span> <span class='ocrx_word' id='word_1_44' title='bbox 600 630 656 669; x_wconf 91' lang='lat' dir='ltr'>ad</span> <span class='ocrx_word' id='word_1_45' title='bbox 677 630 823 670; x_wconf 87' lang='lat' dir='ltr'>studia</span> <span class='ocrx_word' id='word_1_46' title='bbox 856 630 1118 678; x_wconf 88' lang='lat' dir='ltr'>litterarum,</span> <span class='ocrx_word' id='word_1_47' title='bbox 1141 632 1331 681; x_wconf 87' lang='lat' dir='ltr'>augetur</span> <span class='ocrx_word' id='word_1_48' title='bbox 1359 630 1505 670; x_wconf 86' lang='lat' dir='ltr'>adhuc</span> <span class='ocrx_word' id='word_1_49' title='bbox 1534 643 1748 671; x_wconf 86' lang='lat' dir='ltr'>numerus</span> 
     </span>
     <span class='ocr_line' id='line_1_7' title="bbox 117 695 1748 745; baseline 0.001 -11"><span class='ocrx_word' id='word_1_50' title='bbox 117 695 500 742; x_wconf 87' lang='lat' dir='ltr'>scholasticorum,</span> <span class='ocrx_word' id='word_1_51' title='bbox 532 706 668 745; x_wconf 88' lang='lat' dir='ltr'>seque</span> <span class='ocrx_word' id='word_1_52' title='bbox 710 697 964 735; x_wconf 90' lang='lat' dir='ltr'>nostrorum</span> <span class='ocrx_word' id='word_1_53' title='bbox 1008 695 1372 735; x_wconf 80' lang='lat' dir='ltr'>institutionibus</span> <span class='ocrx_word' id='word_1_54' title='bbox 1402 696 1447 735; x_wconf 86' lang='lat' dir='ltr'>in</span> <span class='ocrx_word' id='word_1_55' title='bbox 1484 696 1579 735; x_wconf 89' lang='lat' dir='ltr'>dies</span> <span class='ocrx_word' id='word_1_56' title='bbox 1609 696 1748 736; x_wconf 88' lang='lat' dir='ltr'>liben-</span> 
     </span>
     <span class='ocr_line' id='line_1_8' title="bbox 116 760 1748 812; baseline 0.001 -13"><span class='ocrx_word' id='word_1_57' title='bbox 116 760 206 800; x_wconf 89' lang='lat' dir='ltr'>tius</span> <span class='ocrx_word' id='word_1_58' title='bbox 235 760 554 808; x_wconf 87' lang='lat' dir='ltr'>assuefaciunt,</span> <span class='ocrx_word' id='word_1_59' title='bbox 577 772 627 799; x_wconf 88' lang='lat' dir='ltr'>ac</span> <span class='ocrx_word' id='word_1_60' title='bbox 656 760 856 800; x_wconf 84' lang='lat' dir='ltr'>studiose</span> <span class='ocrx_word' id='word_1_61' title='bbox 886 762 1075 800; x_wconf 91' lang='lat' dir='ltr'>utuntur</span> <span class='ocrx_word' id='word_1_62' title='bbox 1094 760 1166 811; x_wconf 83' lang='lat' dir='ltr'>ijS,</span> <span class='ocrx_word' id='word_1_63' title='bbox 1189 772 1303 810; x_wconf 88' lang='lat' dir='ltr'>quae</span> <span class='ocrx_word' id='word_1_64' title='bbox 1333 760 1388 800; x_wconf 89' lang='lat' dir='ltr'>ad</span> <span class='ocrx_word' id='word_1_65' title='bbox 1418 760 1617 811; x_wconf 85' lang='lat' dir='ltr'>ipsorum</span> <span class='ocrx_word' id='word_1_66' title='bbox 1648 773 1748 812; x_wconf 89' lang='lat' dir='ltr'>pro-</span> 
     </span>
     <span class='ocr_line' id='line_1_9' title="bbox 118 824 1749 876; baseline 0.001 -12"><span class='ocrx_word' id='word_1_67' title='bbox 118 825 279 865; x_wconf 91' lang='lat' dir='ltr'>fectum</span> <span class='ocrx_word' id='word_1_68' title='bbox 309 824 506 865; x_wconf 83' lang='lat' dir='ltr'>Societas</span> <span class='ocrx_word' id='word_1_69' title='bbox 530 833 549 851; x_wconf 69' lang='lat' dir='ltr'>a</span> <span class='ocrx_word' id='word_1_70' title='bbox 579 825 790 865; x_wconf 87' lang='lat' dir='ltr'>adhibere</span> <span class='ocrx_word' id='word_1_71' title='bbox 819 825 946 865; x_wconf 89' lang='lat' dir='ltr'>solet.</span> <span class='ocrx_word' id='word_1_72' title='bbox 980 825 1167 864; x_wconf 90' lang='lat' dir='ltr'>Plurimi</span> <span class='ocrx_word' id='word_1_73' title='bbox 1198 837 1489 876; x_wconf 83' lang='lat' dir='ltr'>sepenumero</span> <span class='ocrx_word' id='word_1_74' title='bbox 1519 826 1575 865; x_wconf 91' lang='lat' dir='ltr'>ad</span> <span class='ocrx_word' id='word_1_75' title='bbox 1605 838 1749 866; x_wconf 86' lang='lat' dir='ltr'>sacro-</span> 
     </span>
     <span class='ocr_line' id='line_1_10' title="bbox 116 890 1749 941; baseline 0.001 -12"><span class='ocrx_word' id='word_1_76' title='bbox 116 892 316 930; x_wconf 84' lang='lat' dir='ltr'>sanctam</span> <span class='ocrx_word' id='word_1_77' title='bbox 338 890 542 941; x_wconf 85' lang='lat' dir='ltr'>synaxim</span> <span class='ocrx_word' id='word_1_78' title='bbox 565 890 795 930; x_wconf 89' lang='lat' dir='ltr'>accedunt.</span> <span class='ocrx_word' id='word_1_79' title='bbox 829 890 917 941; x_wconf 85' lang='lat' dir='ltr'>Alij</span> <span class='ocrx_word' id='word_1_80' title='bbox 944 890 1080 930; x_wconf 88' lang='lat' dir='ltr'>totius</span> <span class='ocrx_word' id='word_1_81' title='bbox 1104 891 1221 930; x_wconf 92' lang='lat' dir='ltr'>uitae</span> <span class='ocrx_word' id='word_1_82' title='bbox 1251 890 1440 930; x_wconf 87' lang='lat' dir='ltr'>crimina</span> <span class='ocrx_word' id='word_1_83' title='bbox 1468 891 1749 931; x_wconf 86' lang='lat' dir='ltr'>confessione</span> 
     </span>
     <span class='ocr_line' id='line_1_11' title="bbox 116 954 1749 1006; baseline 0.001 -12"><span class='ocrx_word' id='word_1_84' title='bbox 116 955 295 1002; x_wconf 86' lang='lat' dir='ltr'>eluunt;</span> <span class='ocrx_word' id='word_1_85' title='bbox 329 954 404 1005; x_wconf 90' lang='lat' dir='ltr'>alij</span> <span class='ocrx_word' id='word_1_86' title='bbox 437 966 615 1006; x_wconf 88' lang='lat' dir='ltr'>quoque</span> <span class='ocrx_word' id='word_1_87' title='bbox 650 955 817 1006; x_wconf 90' lang='lat' dir='ltr'>optima</span> <span class='ocrx_word' id='word_1_88' title='bbox 856 967 933 1006; x_wconf 86' lang='lat' dir='ltr'>spe</span> <span class='ocrx_word' id='word_1_89' title='bbox 971 955 1275 995; x_wconf 87' lang='lat' dir='ltr'>adolescentes</span> <span class='ocrx_word' id='word_1_90' title='bbox 1305 956 1351 995; x_wconf 91' lang='lat' dir='ltr'>in</span> <span class='ocrx_word' id='word_1_91' title='bbox 1381 955 1645 996; x_wconf 83' lang='lat' dir='ltr'>Societatem</span> <span class='ocrx_word' id='word_1_92' title='bbox 1675 957 1749 996; x_wconf 90' lang='lat' dir='ltr'>ad·</span> 
     </span>
     <span class='ocr_line' id='line_1_12' title="bbox 117 1020 1749 1073; baseline 0.001 -14"><span class='ocrx_word' id='word_1_93' title='bbox 117 1020 232 1060; x_wconf 91' lang='lat' dir='ltr'>mitti</span> <span class='ocrx_word' id='word_1_94' title='bbox 263 1032 529 1071; x_wconf 77' lang='lat' dir='ltr'>magnopere</span> <span class='ocrx_word' id='word_1_95' title='bbox 557 1022 792 1071; x_wconf 82' lang='lat' dir='ltr'>exoptant;</span> <span class='ocrx_word' id='word_1_96' title='bbox 824 1032 877 1060; x_wconf 91' lang='lat' dir='ltr'>ex</span> <span class='ocrx_word' id='word_1_97' title='bbox 907 1020 1072 1071; x_wconf 86' lang='lat' dir='ltr'>quibus</span> <span class='ocrx_word' id='word_1_98' title='bbox 1102 1032 1220 1060; x_wconf 91' lang='lat' dir='ltr'>unus</span> <span class='ocrx_word' id='word_1_99' title='bbox 1251 1021 1460 1060; x_wconf 90' lang='lat' dir='ltr'>mediocri</span> <span class='ocrx_word' id='word_1_100' title='bbox 1490 1023 1647 1070; x_wconf 86' lang='lat' dir='ltr'>aetate,</span> <span class='ocrx_word' id='word_1_101' title='bbox 1683 1034 1749 1073; x_wconf 89' lang='lat' dir='ltr'>pe·</span> 
     </span>
     <span class='ocr_line' id='line_1_13' title="bbox 117 1085 1751 1137; baseline 0.002 -13"><span class='ocrx_word' id='word_1_102' title='bbox 117 1085 230 1125; x_wconf 91' lang='lat' dir='ltr'>ritus</span> <span class='ocrx_word' id='word_1_103' title='bbox 250 1085 430 1136; x_wconf 83' lang='lat' dir='ltr'>linguae</span> <span class='ocrx_word' id='word_1_104' title='bbox 450 1085 630 1135; x_wconf 87' lang='lat' dir='ltr'>latinae,</span> <span class='ocrx_word' id='word_1_105' title='bbox 655 1085 700 1125; x_wconf 92' lang='lat' dir='ltr'>id</span> <span class='ocrx_word' id='word_1_106' title='bbox 721 1085 807 1125; x_wconf 91' lang='lat' dir='ltr'>iam</span> <span class='ocrx_word' id='word_1_107' title='bbox 830 1085 908 1125; x_wconf 93' lang='lat' dir='ltr'>diu</span> <span class='ocrx_word' id='word_1_108' title='bbox 929 1097 1196 1137; x_wconf 83' lang='lat' dir='ltr'>magnopere</span> <span class='ocrx_word' id='word_1_109' title='bbox 1216 1086 1504 1134; x_wconf 86' lang='lat' dir='ltr'>contendens,</span> <span class='ocrx_word' id='word_1_110' title='bbox 1522 1086 1711 1127; x_wconf 90' lang='lat' dir='ltr'>idoneus</span> <span class='ocrx_word' id='word_1_111' title='bbox 1731 1087 1751 1113; x_wconf 76' lang='lat' dir='ltr'>b</span> 
     </span>
     <span class='ocr_line' id='line_1_14' title="bbox 116 1150 1750 1201; baseline 0.001 -11"><span class='ocrx_word' id='word_1_112' title='bbox 116 1150 171 1190; x_wconf 84' lang='lat' dir='ltr'>ad</span> <span class='ocrx_word' id='word_1_113' title='bbox 201 1150 458 1190; x_wconf 89' lang='lat' dir='ltr'>institutum</span> <span class='ocrx_word' id='word_1_114' title='bbox 488 1150 736 1198; x_wconf 86' lang='lat' dir='ltr'>Societatis,</span> <span class='ocrx_word' id='word_1_115' title='bbox 760 1151 832 1190; x_wconf 89' lang='lat' dir='ltr'>his</span> <span class='ocrx_word' id='word_1_116' title='bbox 854 1151 1068 1201; x_wconf 83' lang='lat' dir='ltr'>proximis</span> <span class='ocrx_word' id='word_1_117' title='bbox 1089 1151 1247 1190; x_wconf 91' lang='lat' dir='ltr'>diebus</span> <span class='ocrx_word' id='word_1_118' title='bbox 1269 1151 1353 1190; x_wconf 87' lang='lat' dir='ltr'>fuit</span> <span class='ocrx_word' id='word_1_119' title='bbox 1374 1151 1613 1192; x_wconf 86' lang='lat' dir='ltr'>admissus.</span> <span class='ocrx_word' id='word_1_120' title='bbox 1646 1152 1750 1192; x_wconf 91' lang='lat' dir='ltr'>Ver-</span> 
     </span>
     <span class='ocr_line' id='line_1_15' title="bbox 116 1215 1747 1267; baseline 0.002 -13"><span class='ocrx_word' id='word_1_121' title='bbox 116 1217 240 1255; x_wconf 91' lang='lat' dir='ltr'>satus</span> <span class='ocrx_word' id='word_1_122' title='bbox 268 1217 335 1255; x_wconf 91' lang='lat' dir='ltr'>est</span> <span class='ocrx_word' id='word_1_123' title='bbox 364 1215 440 1254; x_wconf 90' lang='lat' dir='ltr'>ille</span> <span class='ocrx_word' id='word_1_124' title='bbox 469 1215 651 1255; x_wconf 85' lang='lat' dir='ltr'>biennio</span> <span class='ocrx_word' id='word_1_125' title='bbox 681 1215 729 1254; x_wconf 89' lang='lat' dir='ltr'>in</span> <span class='ocrx_word' id='word_1_126' title='bbox 759 1215 901 1266; x_wconf 88' lang='lat' dir='ltr'>primo</span> <span class='ocrx_word' id='word_1_127' title='bbox 936 1216 1171 1267; x_wconf 87' lang='lat' dir='ltr'>gymnasio</span> <span class='ocrx_word' id='word_1_128' title='bbox 1200 1228 1252 1255; x_wconf 88' lang='lat' dir='ltr'>ea</span> <span class='ocrx_word' id='word_1_129' title='bbox 1284 1216 1401 1256; x_wconf 91' lang='lat' dir='ltr'>uitae</span> <span class='ocrx_word' id='word_1_130' title='bbox 1431 1217 1747 1266; x_wconf 86' lang='lat' dir='ltr'>moderatione,</span> 
     </span>
     <span class='ocr_line' id='line_1_16' title="bbox 115 1280 1751 1334; baseline 0.001 -14"><span class='ocrx_word' id='word_1_131' title='bbox 115 1282 158 1320; x_wconf 90' lang='lat' dir='ltr'>et</span> <span class='ocrx_word' id='word_1_132' title='bbox 186 1292 360 1320; x_wconf 90' lang='lat' dir='ltr'>morum</span> <span class='ocrx_word' id='word_1_133' title='bbox 390 1280 624 1331; x_wconf 85' lang='lat' dir='ltr'>probitate,</span> <span class='ocrx_word' id='word_1_134' title='bbox 656 1283 705 1320; x_wconf 89' lang='lat' dir='ltr'>ut</span> <span class='ocrx_word' id='word_1_135' title='bbox 734 1281 920 1320; x_wconf 89' lang='lat' dir='ltr'>caeteris</span> <span class='ocrx_word' id='word_1_136' title='bbox 958 1281 1281 1331; x_wconf 89' lang='lat' dir='ltr'>condiscipulis</span> <span class='ocrx_word' id='word_1_137' title='bbox 1321 1281 1572 1332; x_wconf 90' lang='lat' dir='ltr'>exemplum</span> <span class='ocrx_word' id='word_1_138' title='bbox 1612 1283 1751 1334; x_wconf 91' lang='lat' dir='ltr'>quod·</span> 
     </span>
     <span class='ocr_line' id='line_1_17' title="bbox 116 1346 1752 1398; baseline 0.002 -13"><span class='ocrx_word' id='word_1_139' title='bbox 116 1346 218 1385; x_wconf 90' lang='lat' dir='ltr'>dam</span> <span class='ocrx_word' id='word_1_140' title='bbox 247 1347 377 1389; x_wconf 83' lang='lat' dir='ltr'>esset,</span> <span class='ocrx_word' id='word_1_141' title='bbox 408 1348 451 1386; x_wconf 88' lang='lat' dir='ltr'>et</span> <span class='ocrx_word' id='word_1_142' title='bbox 480 1346 818 1386; x_wconf 87' lang='lat' dir='ltr'>incitamentum</span> <span class='ocrx_word' id='word_1_143' title='bbox 848 1346 902 1385; x_wconf 89' lang='lat' dir='ltr'>ad</span> <span class='ocrx_word' id='word_1_144' title='bbox 934 1346 1143 1386; x_wconf 90' lang='lat' dir='ltr'>uirtutem</span> <span class='ocrx_word' id='word_1_145' title='bbox 1177 1348 1204 1388; x_wconf 76' lang='lat'>1.</span> <span class='ocrx_word' id='word_1_146' title='bbox 1236 1346 1324 1398; x_wconf 84' lang='lat' dir='ltr'>Alij</span> <span class='ocrx_word' id='word_1_147' title='bbox 1358 1359 1535 1398; x_wconf 87' lang='lat' dir='ltr'>quoque</span> <span class='ocrx_word' id='word_1_148' title='bbox 1564 1347 1669 1394; x_wconf 84' lang='lat' dir='ltr'>cito,</span> <span class='ocrx_word' id='word_1_149' title='bbox 1703 1350 1752 1388; x_wconf 88' lang='lat' dir='ltr'>ut</span> 
     </span>
     <span class='ocr_line' id='line_1_18' title="bbox 116 1411 1751 1464; baseline 0.002 -14"><span class='ocrx_word' id='word_1_150' title='bbox 116 1411 322 1459; x_wconf 81' lang='lat' dir='ltr'>arbitror,</span> <span class='ocrx_word' id='word_1_151' title='bbox 355 1411 594 1463; x_wconf 89' lang='lat' dir='ltr'>recipiendi</span> <span class='ocrx_word' id='word_1_152' title='bbox 625 1413 744 1451; x_wconf 90' lang='lat' dir='ltr'>sunt.</span> <span class='ocrx_word' id='word_1_153' title='bbox 779 1411 873 1451; x_wconf 91' lang='lat' dir='ltr'>Hoc</span> <span class='ocrx_word' id='word_1_154' title='bbox 902 1423 1022 1451; x_wconf 89' lang='lat' dir='ltr'>anno</span> <span class='ocrx_word' id='word_1_155' title='bbox 1052 1412 1098 1451; x_wconf 90' lang='lat' dir='ltr'>in</span> <span class='ocrx_word' id='word_1_156' title='bbox 1128 1412 1291 1464; x_wconf 88' lang='lat' dir='ltr'>studijs</span> <span class='ocrx_word' id='word_1_157' title='bbox 1320 1412 1568 1452; x_wconf 87' lang='lat' dir='ltr'>litterarum</span> <span class='ocrx_word' id='word_1_158' title='bbox 1600 1414 1751 1464; x_wconf 86' lang='lat' dir='ltr'>magni</span> 
     </span>
     <span class='ocr_line' id='line_1_19' title="bbox 116 1476 1748 1529; baseline 0.001 -13"><span class='ocrx_word' id='word_1_159' title='bbox 116 1487 378 1527; x_wconf 86' lang='lat' dir='ltr'>progressus</span> <span class='ocrx_word' id='word_1_160' title='bbox 408 1476 511 1516; x_wconf 88' lang='lat' dir='ltr'>facti</span> <span class='ocrx_word' id='word_1_161' title='bbox 541 1478 661 1523; x_wconf 89' lang='lat' dir='ltr'>sunt,</span> <span class='ocrx_word' id='word_1_162' title='bbox 700 1477 819 1528; x_wconf 86' lang='lat' dir='ltr'>quod</span> <span class='ocrx_word' id='word_1_163' title='bbox 848 1479 891 1516; x_wconf 91' lang='lat' dir='ltr'>et</span> <span class='ocrx_word' id='word_1_164' title='bbox 919 1489 972 1517; x_wconf 88' lang='lat' dir='ltr'>ex</span> <span class='ocrx_word' id='word_1_165' title='bbox 1010 1477 1121 1528; x_wconf 90' lang='lat' dir='ltr'>ipsis</span> <span class='ocrx_word' id='word_1_166' title='bbox 1161 1477 1522 1529; x_wconf 75' lang='lat' dir='ltr'>praeceptoribus</span> <span class='ocrx_word' id='word_1_167' title='bbox 1559 1480 1748 1526; x_wconf 87' lang='lat' dir='ltr'>constat,</span> 
     </span>
     <span class='ocr_line' id='line_1_20' title="bbox 115 1541 1752 1594; baseline 0.001 -13"><span class='ocrx_word' id='word_1_168' title='bbox 115 1543 159 1581; x_wconf 91' lang='lat' dir='ltr'>et</span> <span class='ocrx_word' id='word_1_169' title='bbox 187 1541 442 1581; x_wconf 87' lang='lat' dir='ltr'>scholastici</span> <span class='ocrx_word' id='word_1_170' title='bbox 473 1542 520 1581; x_wconf 87' lang='lat' dir='ltr'>in</span> <span class='ocrx_word' id='word_1_171' title='bbox 549 1542 779 1594; x_wconf 88' lang='lat' dir='ltr'>litterarijs</span> <span class='ocrx_word' id='word_1_172' title='bbox 820 1542 1231 1590; x_wconf 78' lang='lat' dir='ltr'>exercitationibus,</span> <span class='ocrx_word' id='word_1_173' title='bbox 1278 1542 1468 1582; x_wconf 89' lang='lat' dir='ltr'>maxime</span> <span class='ocrx_word' id='word_1_174' title='bbox 1507 1543 1554 1583; x_wconf 92' lang='lat' dir='ltr'>in</span> <span class='ocrx_word' id='word_1_175' title='bbox 1587 1543 1752 1583; x_wconf 91' lang='lat' dir='ltr'>exami-</span> 
     </span>
     <span class='ocr_line' id='line_1_21' title="bbox 116 1606 1747 1660; baseline 0.002 -14"><span class='ocrx_word' id='word_1_176' title='bbox 116 1606 251 1647; x_wconf 89' lang='lat' dir='ltr'>nibus</span> <span class='ocrx_word' id='word_1_177' title='bbox 293 1609 335 1647; x_wconf 89' lang='lat' dir='ltr'>et</span> <span class='ocrx_word' id='word_1_178' title='bbox 377 1607 672 1655; x_wconf 89' lang='lat' dir='ltr'>orationibus,</span> <span class='ocrx_word' id='word_1_179' title='bbox 719 1619 832 1659; x_wconf 90' lang='lat' dir='ltr'>quas</span> <span class='ocrx_word' id='word_1_180' title='bbox 876 1607 1172 1658; x_wconf 89' lang='lat' dir='ltr'>praemiorum</span> <span class='ocrx_word' id='word_1_181' title='bbox 1217 1619 1352 1647; x_wconf 86' lang='lat' dir='ltr'>causa</span> <span class='ocrx_word' id='word_1_182' title='bbox 1390 1611 1747 1660; x_wconf 84' lang='lat' dir='ltr'>composuerant,</span> 
     </span>
     <span class='ocr_line' id='line_1_22' title="bbox 116 1672 1752 1725; baseline 0.002 -14"><span class='ocrx_word' id='word_1_183' title='bbox 116 1673 227 1712; x_wconf 86' lang='lat' dir='ltr'>satis</span> <span class='ocrx_word' id='word_1_184' title='bbox 255 1672 559 1713; x_wconf 90' lang='lat' dir='ltr'>ostenderunt.</span> <span class='ocrx_word' id='word_1_185' title='bbox 591 1672 675 1722; x_wconf 83' lang='lat' dir='ltr'>Qui</span> <span class='ocrx_word' id='word_1_186' title='bbox 705 1672 962 1712; x_wconf 88' lang='lat' dir='ltr'>dialecticae</span> <span class='ocrx_word' id='word_1_187' title='bbox 991 1685 1170 1724; x_wconf 86' lang='lat' dir='ltr'>operam</span> <span class='ocrx_word' id='word_1_188' title='bbox 1201 1673 1323 1719; x_wconf 81' lang='lat' dir='ltr'>dant,</span> <span class='ocrx_word' id='word_1_189' title='bbox 1347 1674 1604 1724; x_wconf 86' lang='lat' dir='ltr'>praesertim</span> <span class='ocrx_word' id='word_1_190' title='bbox 1636 1676 1752 1725; x_wconf 88' lang='lat' dir='ltr'>tyro-</span> 
     </span>
     <span class='ocr_line' id='line_1_23' title="bbox 116 1737 1751 1791; baseline 0.001 -14"><span class='ocrx_word' id='word_1_191' title='bbox 116 1749 211 1785; x_wconf 88' lang='lat' dir='ltr'>nes,</span> <span class='ocrx_word' id='word_1_192' title='bbox 256 1737 446 1778; x_wconf 87' lang='lat' dir='ltr'>multum</span> <span class='ocrx_word' id='word_1_193' title='bbox 489 1737 622 1777; x_wconf 86' lang='lat' dir='ltr'>etiam</span> <span class='ocrx_word' id='word_1_194' title='bbox 666 1738 905 1789; x_wconf 87' lang='lat' dir='ltr'>profecisse</span> <span class='ocrx_word' id='word_1_195' title='bbox 948 1738 1172 1786; x_wconf 89' lang='lat' dir='ltr'>uidentur,</span> <span class='ocrx_word' id='word_1_196' title='bbox 1214 1741 1256 1778; x_wconf 88' lang='lat' dir='ltr'>et</span> <span class='ocrx_word' id='word_1_197' title='bbox 1300 1739 1498 1790; x_wconf 87' lang='lat' dir='ltr'>plerique</span> <span class='ocrx_word' id='word_1_198' title='bbox 1544 1752 1751 1791; x_wconf 88' lang='lat' dir='ltr'>magnam</span> 
     </span>
     <span class='ocr_line' id='line_1_24' title="bbox 116 1803 1752 1856; baseline 0.002 -14"><span class='ocrx_word' id='word_1_199' title='bbox 116 1803 187 1843; x_wconf 92' lang='lat' dir='ltr'>sui</span> <span class='ocrx_word' id='word_1_200' title='bbox 218 1803 429 1854; x_wconf 89' lang='lat' dir='ltr'>praebent</span> <span class='ocrx_word' id='word_1_201' title='bbox 457 1803 808 1854; x_wconf 88' lang='lat' dir='ltr'>expectationem</span> <span class='ocrx_word' id='word_1_202' title='bbox 840 1804 996 1843; x_wconf 82' lang='lat' dir='ltr'>fratres</span> <span class='ocrx_word' id='word_1_203' title='bbox 1030 1804 1107 1856; x_wconf 91' lang='lat' dir='ltr'>qui</span> <span class='ocrx_word' id='word_1_204' title='bbox 1137 1804 1184 1843; x_wconf 91' lang='lat' dir='ltr'>in</span> <span class='ocrx_word' id='word_1_205' title='bbox 1215 1804 1367 1844; x_wconf 90' lang='lat' dir='ltr'>eadem</span> <span class='ocrx_word' id='word_1_206' title='bbox 1407 1804 1616 1844; x_wconf 82' lang='lat' dir='ltr'>facultate</span> <span class='ocrx_word' id='word_1_207' title='bbox 1657 1817 1752 1845; x_wconf 89' lang='lat' dir='ltr'>uer-</span> 
     </span>
     <span class='ocr_line' id='line_1_25' title="bbox 115 1867 1752 1920; baseline 0.001 -13"><span class='ocrx_word' id='word_1_208' title='bbox 115 1869 294 1915; x_wconf 87' lang='lat' dir='ltr'>santur;</span> <span class='ocrx_word' id='word_1_209' title='bbox 340 1867 515 1907; x_wconf 89' lang='lat' dir='ltr'>etiamsi</span> <span class='ocrx_word' id='word_1_210' title='bbox 558 1867 630 1907; x_wconf 90' lang='lat' dir='ltr'>his</span> <span class='ocrx_word' id='word_1_211' title='bbox 673 1867 796 1919; x_wconf 86' lang='lat' dir='ltr'>ferijs</span> <span class='ocrx_word' id='word_1_212' title='bbox 838 1868 1068 1920; x_wconf 88' lang='lat' dir='ltr'>litterarijs</span> <span class='ocrx_word' id='word_1_213' title='bbox 1111 1881 1157 1909; x_wconf 94' lang='lat' dir='ltr'>se</span> <span class='ocrx_word' id='word_1_214' title='bbox 1200 1880 1378 1920; x_wconf 88' lang='lat' dir='ltr'>quoque</span> <span class='ocrx_word' id='word_1_215' title='bbox 1425 1868 1472 1908; x_wconf 92' lang='lat' dir='ltr'>in</span> <span class='ocrx_word' id='word_1_216' title='bbox 1504 1869 1752 1910; x_wconf 83' lang='lat' dir='ltr'>humilibus</span> 
     </span>
     <span class='ocr_line' id='line_1_26' title="bbox 117 1932 1751 1986; baseline 0.002 -14"><span class='ocrx_word' id='word_1_217' title='bbox 117 1932 379 1984; x_wconf 84' lang='lat' dir='ltr'>ministerijs</span> <span class='ocrx_word' id='word_1_218' title='bbox 408 1935 653 1981; x_wconf 87' lang='lat' dir='ltr'>exerceant,</span> <span class='ocrx_word' id='word_1_219' title='bbox 691 1936 838 1973; x_wconf 89' lang='lat' dir='ltr'>tamen</span> <span class='ocrx_word' id='word_1_220' title='bbox 876 1933 1070 1985; x_wconf 89' lang='lat' dir='ltr'>singulis</span> <span class='ocrx_word' id='word_1_221' title='bbox 1113 1934 1272 1974; x_wconf 88' lang='lat' dir='ltr'>diebus</span> <span class='ocrx_word' id='word_1_222' title='bbox 1309 1936 1476 1974; x_wconf 87' lang='lat' dir='ltr'>statuto</span> <span class='ocrx_word' id='word_1_223' title='bbox 1506 1942 1521 1960; x_wconf 76' lang='lat'>‘³</span> <span class='ocrx_word' id='word_1_224' title='bbox 1555 1937 1751 1986; x_wconf 87' lang='lat' dir='ltr'>tempore</span> 
     </span>
     <span class='ocr_line' id='line_1_27' title="bbox 116 1998 1748 2050; baseline 0.002 -13"><span class='ocrx_word' id='word_1_225' title='bbox 116 1998 349 2038; x_wconf 86' lang='lat' dir='ltr'>conferunt</span> <span class='ocrx_word' id='word_1_226' title='bbox 370 1998 493 2038; x_wconf 44' lang='lat' dir='ltr'>&#39;inter</span> <span class='ocrx_word' id='word_1_227' title='bbox 521 2010 568 2038; x_wconf 87' lang='lat' dir='ltr'>se</span> <span class='ocrx_word' id='word_1_228' title='bbox 597 2010 712 2049; x_wconf 91' lang='lat' dir='ltr'>quae</span> <span class='ocrx_word' id='word_1_229' title='bbox 732 1998 986 2048; x_wconf 87' lang='lat' dir='ltr'>audierunt,</span> <span class='ocrx_word' id='word_1_230' title='bbox 1009 2000 1243 2039; x_wconf 76' lang='lat' dir='ltr'>accedente</span> <span class='ocrx_word' id='word_1_231' title='bbox 1265 1999 1399 2039; x_wconf 86' lang='lat' dir='ltr'>etiam</span> <span class='ocrx_word' id='word_1_232' title='bbox 1420 2000 1748 2050; x_wconf 80' lang='lat' dir='ltr'>disputatione3</span> 
     </span>
     <span class='ocr_line' id='line_1_28' title="bbox 116 2063 1751 2116; baseline 0.001 -13"><span class='ocrx_word' id='word_1_233' title='bbox 116 2063 233 2114; x_wconf 89' lang='lat' dir='ltr'>quod</span> <span class='ocrx_word' id='word_1_234' title='bbox 282 2063 413 2103; x_wconf 89' lang='lat' dir='ltr'>etiam</span> <span class='ocrx_word' id='word_1_235' title='bbox 458 2063 628 2103; x_wconf 88' lang='lat' dir='ltr'>externi</span> <span class='ocrx_word' id='word_1_236' title='bbox 671 2066 851 2115; x_wconf 86' lang='lat' dir='ltr'>tyrones</span> <span class='ocrx_word' id='word_1_237' title='bbox 893 2076 1041 2104; x_wconf 91' lang='lat' dir='ltr'>coram</span> <span class='ocrx_word' id='word_1_238' title='bbox 1085 2065 1299 2116; x_wconf 87' lang='lat' dir='ltr'>magistro</span> <span class='ocrx_word' id='word_1_239' title='bbox 1342 2077 1424 2105; x_wconf 92' lang='lat' dir='ltr'>suo</span> <span class='ocrx_word' id='word_1_240' title='bbox 1468 2065 1515 2104; x_wconf 91' lang='lat' dir='ltr'>in</span> <span class='ocrx_word' id='word_1_241' title='bbox 1557 2066 1751 2116; x_wconf 89' lang='lat' dir='ltr'>quodam</span> 
     </span>
     <span class='ocr_line' id='line_1_29' title="bbox 117 2128 1750 2181; baseline 0.002 -14"><span class='ocrx_word' id='word_1_242' title='bbox 117 2128 351 2180; x_wconf 87' lang='lat' dir='ltr'>gymnasio</span> <span class='ocrx_word' id='word_1_243' title='bbox 380 2128 550 2168; x_wconf 77' lang='lat' dir='ltr'>faciunt</span> <span class='ocrx_word' id='word_1_244' title='bbox 570 2128 603 2168; x_wconf 80' lang='lat' dir='ltr'>d.</span> <span class='ocrx_word' id='word_1_245' title='bbox 637 2129 828 2169; x_wconf 85' lang='lat' dir='ltr'>Habitae</span> <span class='ocrx_word' id='word_1_246' title='bbox 857 2129 1038 2169; x_wconf 85' lang='lat' dir='ltr'>fuerunt</span> <span class='ocrx_word' id='word_1_247' title='bbox 1068 2130 1274 2181; x_wconf 88' lang='lat' dir='ltr'>publicae</span> <span class='ocrx_word' id='word_1_248' title='bbox 1298 2130 1383 2170; x_wconf 87' lang='lat' dir='ltr'>hoc</span> <span class='ocrx_word' id='word_1_249' title='bbox 1411 2142 1531 2170; x_wconf 85' lang='lat' dir='ltr'>anno</span> <span class='ocrx_word' id='word_1_250' title='bbox 1560 2131 1617 2170; x_wconf 89' lang='lat' dir='ltr'>ab</span> <span class='ocrx_word' id='word_1_251' title='bbox 1646 2132 1750 2171; x_wconf 91' lang='lat' dir='ltr'>ado-</span> 
     </span>
     <span class='ocr_line' id='line_1_30' title="bbox 116 2193 1749 2247; baseline 0.002 -14"><span class='ocrx_word' id='word_1_252' title='bbox 116 2193 402 2242; x_wconf 90' lang='lat' dir='ltr'>lescentibus,</span> <span class='ocrx_word' id='word_1_253' title='bbox 433 2194 511 2246; x_wconf 85' lang='lat' dir='ltr'>qui</span> <span class='ocrx_word' id='word_1_254' title='bbox 555 2194 744 2234; x_wconf 89' lang='lat' dir='ltr'>maiores</span> <span class='ocrx_word' id='word_1_255' title='bbox 788 2195 834 2234; x_wconf 89' lang='lat' dir='ltr'>in</span> <span class='ocrx_word' id='word_1_256' title='bbox 864 2194 1019 2247; x_wconf 88' lang='lat' dir='ltr'>lingua</span> <span class='ocrx_word' id='word_1_257' title='bbox 1063 2195 1203 2235; x_wconf 84' lang='lat' dir='ltr'>latina</span> <span class='ocrx_word' id='word_1_258' title='bbox 1247 2207 1510 2247; x_wconf 89' lang='lat' dir='ltr'>progressus</span> <span class='ocrx_word' id='word_1_259' title='bbox 1541 2196 1749 2241; x_wconf 79' lang='lat' dir='ltr'>fecerant,</span> 
     </span>
     <span class='ocr_line' id='line_1_31' title="bbox 117 2260 1752 2312; baseline 0.002 -14"><span class='ocrx_word' id='word_1_260' title='bbox 117 2260 299 2299; x_wconf 85' lang='lat' dir='ltr'>ornatae</span> <span class='ocrx_word' id='word_1_261' title='bbox 327 2261 370 2299; x_wconf 91' lang='lat' dir='ltr'>et</span> <span class='ocrx_word' id='word_1_262' title='bbox 398 2260 624 2311; x_wconf 83' lang='lat' dir='ltr'>elegantes</span> <span class='ocrx_word' id='word_1_263' title='bbox 652 2260 891 2307; x_wconf 82' lang='lat' dir='ltr'>orationes,</span> <span class='ocrx_word' id='word_1_264' title='bbox 923 2262 1019 2300; x_wconf 90' lang='lat' dir='ltr'>tum</span> <span class='ocrx_word' id='word_1_265' title='bbox 1049 2273 1195 2312; x_wconf 90' lang='lat' dir='ltr'>prosa,</span> <span class='ocrx_word' id='word_1_266' title='bbox 1217 2262 1313 2301; x_wconf 90' lang='lat' dir='ltr'>tum</span> <span class='ocrx_word' id='word_1_267' title='bbox 1343 2261 1552 2301; x_wconf 88' lang='lat' dir='ltr'>carmine.</span> <span class='ocrx_word' id='word_1_268' title='bbox 1587 2261 1624 2301; x_wconf 92' lang='lat' dir='ltr'><strong>A</strong></span> <span class='ocrx_word' id='word_1_269' title='bbox 1658 2273 1752 2302; x_wconf 86' lang='lat' dir='ltr'>cae-</span> 
     </span>
     <span class='ocr_line' id='line_1_32' title="bbox 117 2324 1752 2378; baseline 0.002 -15"><span class='ocrx_word' id='word_1_270' title='bbox 117 2324 224 2363; x_wconf 87' lang='lat' dir='ltr'>teris</span> <span class='ocrx_word' id='word_1_271' title='bbox 254 2326 402 2364; x_wconf 90' lang='lat' dir='ltr'>autem</span> <span class='ocrx_word' id='word_1_272' title='bbox 433 2324 695 2365; x_wconf 86' lang='lat' dir='ltr'>inferiorum</span> <span class='ocrx_word' id='word_1_273' title='bbox 724 2325 937 2365; x_wconf 87' lang='lat' dir='ltr'>classium</span> <span class='ocrx_word' id='word_1_274' title='bbox 960 2328 1047 2366; x_wconf 90' lang='lat' dir='ltr'>tres</span> <span class='ocrx_word' id='word_1_275' title='bbox 1076 2326 1259 2378; x_wconf 81' lang='lat' dir='ltr'>dialogi,</span> <span class='ocrx_word' id='word_1_276' title='bbox 1283 2338 1396 2378; x_wconf 90' lang='lat' dir='ltr'>quos</span> <span class='ocrx_word' id='word_1_277' title='bbox 1425 2326 1509 2366; x_wconf 91' lang='lat' dir='ltr'>etsi</span> <span class='ocrx_word' id='word_1_278' title='bbox 1540 2326 1752 2377; x_wconf 88' lang='lat' dir='ltr'>priuatim</span> 
     </span>
     <span class='ocr_line' id='line_1_33' title="bbox 117 2389 1753 2442; baseline 0.002 -13"><span class='ocrx_word' id='word_1_279' title='bbox 117 2389 165 2428; x_wconf 90' lang='lat' dir='ltr'>in</span> <span class='ocrx_word' id='word_1_280' title='bbox 193 2389 289 2429; x_wconf 89' lang='lat' dir='ltr'>suis</span> <span class='ocrx_word' id='word_1_281' title='bbox 318 2390 484 2442; x_wconf 87' lang='lat' dir='ltr'>quique</span> <span class='ocrx_word' id='word_1_282' title='bbox 513 2390 762 2442; x_wconf 80' lang='lat' dir='ltr'>gymnasijS</span> <span class='ocrx_word' id='word_1_283' title='bbox 791 2391 1106 2440; x_wconf 83' lang='lat' dir='ltr'>exhibuerunt,</span> <span class='ocrx_word' id='word_1_284' title='bbox 1142 2394 1189 2432; x_wconf 89' lang='lat' dir='ltr'>ut</span> <span class='ocrx_word' id='word_1_285' title='bbox 1227 2392 1477 2432; x_wconf 88' lang='lat' dir='ltr'>litterarum</span> <span class='ocrx_word' id='word_1_286' title='bbox 1507 2404 1657 2432; x_wconf 89' lang='lat' dir='ltr'>amore</span> <span class='ocrx_word' id='word_1_287' title='bbox 1686 2393 1753 2432; x_wconf 94' lang='lat' dir='ltr'>in-</span> 
     </span>
     <span class='ocr_line' id='line_1_34' title="bbox 116 2455 1751 2508; baseline 0.002 -14"><span class='ocrx_word' id='word_1_288' title='bbox 116 2455 422 2504; x_wconf 86' lang='lat' dir='ltr'>cenderentur,</span> <span class='ocrx_word' id='word_1_289' title='bbox 453 2457 579 2495; x_wconf 86' lang='lat' dir='ltr'>tanta</span> <span class='ocrx_word' id='word_1_290' title='bbox 622 2455 872 2504; x_wconf 81' lang='lat' dir='ltr'>hominum,</span> <span class='ocrx_word' id='word_1_291' title='bbox 904 2458 1037 2508; x_wconf 88' lang='lat' dir='ltr'>atque</span> <span class='ocrx_word' id='word_1_292' title='bbox 1079 2456 1213 2497; x_wconf 89' lang='lat' dir='ltr'>etiam</span> <span class='ocrx_word' id='word_1_293' title='bbox 1243 2457 1467 2497; x_wconf 91' lang='lat' dir='ltr'>nobilium</span> <span class='ocrx_word' id='word_1_294' title='bbox 1511 2458 1751 2498; x_wconf 90' lang='lat' dir='ltr'>multitudo</span> 
     </span>
     <span class='ocr_line' id='line_1_35' title="bbox 117 2520 1753 2574; baseline 0.001 -14"><span class='ocrx_word' id='word_1_295' title='bbox 117 2533 170 2561; x_wconf 90' lang='lat' dir='ltr'>ex</span> <span class='ocrx_word' id='word_1_296' title='bbox 199 2521 308 2560; x_wconf 86' lang='lat' dir='ltr'>urbe</span> <span class='ocrx_word' id='word_1_297' title='bbox 350 2520 509 2570; x_wconf 86' lang='lat' dir='ltr'>adfuit,</span> <span class='ocrx_word' id='word_1_298' title='bbox 542 2522 591 2560; x_wconf 89' lang='lat' dir='ltr'>ut</span> <span class='ocrx_word' id='word_1_299' title='bbox 620 2521 849 2572; x_wconf 90' lang='lat' dir='ltr'>publicum</span> <span class='ocrx_word' id='word_1_300' title='bbox 880 2522 1103 2573; x_wconf 87' lang='lat' dir='ltr'>quoddam</span> <span class='ocrx_word' id='word_1_301' title='bbox 1144 2523 1447 2573; x_wconf 86' lang='lat' dir='ltr'>spectaculum</span> <span class='ocrx_word' id='word_1_302' title='bbox 1481 2523 1623 2563; x_wconf 90' lang='lat' dir='ltr'>uideri</span> <span class='ocrx_word' id='word_1_303' title='bbox 1652 2534 1753 2574; x_wconf 91' lang='lat' dir='ltr'>pos-</span> 
     </span>
     <span class='ocr_line' id='line_1_36' title="bbox 118 2588 1753 2640; baseline 0.002 -15"><span class='ocrx_word' id='word_1_304' title='bbox 118 2588 211 2634; x_wconf 77' lang='lat' dir='ltr'>set3</span> <span class='ocrx_word' id='word_1_305' title='bbox 245 2598 453 2638; x_wconf 90' lang='lat' dir='ltr'>magnam</span> <span class='ocrx_word' id='word_1_306' title='bbox 490 2588 606 2626; x_wconf 88' lang='lat' dir='ltr'>certe</span> <span class='ocrx_word' id='word_1_307' title='bbox 635 2598 686 2626; x_wconf 88' lang='lat' dir='ltr'>ea</span> <span class='ocrx_word' id='word_1_308' title='bbox 715 2598 768 2626; x_wconf 87' lang='lat' dir='ltr'>ex</span> <span class='ocrx_word' id='word_1_309' title='bbox 797 2599 843 2626; x_wconf 86' lang='lat' dir='ltr'>re</span> <span class='ocrx_word' id='word_1_310' title='bbox 872 2599 1027 2627; x_wconf 90' lang='lat' dir='ltr'>omnes</span> <span class='ocrx_word' id='word_1_311' title='bbox 1056 2590 1326 2639; x_wconf 87' lang='lat' dir='ltr'>spectatores</span> <span class='ocrx_word' id='word_1_312' title='bbox 1355 2590 1566 2639; x_wconf 89' lang='lat' dir='ltr'>ceperunt</span> <span class='ocrx_word' id='word_1_313' title='bbox 1594 2588 1753 2640; x_wconf 92' lang='lat' dir='ltr'>uolup-</span> 
     </span>
    </p>
   </div>
   <div class='ocr_carea' id='block_1_3' title="bbox 119 2745 1754 2832">
    <p class='ocr_par' dir='ltr' id='par_1_4' title="bbox 119 2745 1754 2832">
     <span class='ocr_line' id='line_1_37' title="bbox 181 2745 1754 2789; baseline 0.001 -11"><span class='ocrx_word' id='word_1_314' title='bbox 181 2754 200 2773; x_wconf 80' lang='lat' dir='ltr'>a</span> <span class='ocrx_word' id='word_1_315' title='bbox 220 2746 383 2778; x_wconf 74' lang='lat' dir='ltr'>Emend.</span> <span class='ocrx_word' id='word_1_316' title='bbox 407 2755 455 2778; x_wconf 62' lang='lat' dir='ltr'>ea:</span> <span class='ocrx_word' id='word_1_317' title='bbox 477 2745 689 2779; x_wconf 84' lang='lat' dir='ltr'>Societatis.</span> <span class='ocrx_word' id='word_1_318' title='bbox 718 2765 758 2769; x_wconf 74' lang='lat'><em>—</em></span> <span class='ocrx_word' id='word_1_319' title='bbox 781 2746 800 2773; x_wconf 90' lang='lat' dir='ltr'>b</span> <span class='ocrx_word' id='word_1_320' title='bbox 820 2746 978 2779; x_wconf 89' lang='lat' dir='ltr'>idoneus</span> <span class='ocrx_word' id='word_1_321' title='bbox 1011 2756 1139 2789; x_wconf 77' lang='lat' dir='ltr'>supra</span> <span class='ocrx_word' id='word_1_322' title='bbox 1173 2756 1276 2780; x_wconf 80' lang='lat' dir='ltr'>vers.</span> <span class='ocrx_word' id='word_1_323' title='bbox 1307 2767 1347 2770; x_wconf 97' lang='lat'><strong>—</strong></span> <span class='ocrx_word' id='word_1_324' title='bbox 1372 2756 1387 2775; x_wconf 88' lang='lat' dir='ltr'>c</span> <span class='ocrx_word' id='word_1_325' title='bbox 1407 2748 1534 2780; x_wconf 74' lang='lat' dir='ltr'>Prius</span> <span class='ocrx_word' id='word_1_326' title='bbox 1567 2748 1677 2780; x_wconf 80' lang='lat' dir='ltr'>stato.</span> <span class='ocrx_word' id='word_1_327' title='bbox 1712 2766 1754 2771; x_wconf 73' lang='lat'>—</span> 
     </span>
     <span class='ocr_line' id='line_1_38' title="bbox 119 2799 459 2832; baseline 0.003 -1"><span class='ocrx_word' id='word_1_328' title='bbox 119 2799 138 2826; x_wconf 91' lang='lat' dir='ltr'>d</span> <span class='ocrx_word' id='word_1_329' title='bbox 158 2799 284 2832; x_wconf 79' lang='lat' dir='ltr'>Prius</span> <span class='ocrx_word' id='word_1_330' title='bbox 307 2799 459 2832; x_wconf 77' lang='lat' dir='ltr'>fuerint.</span> 
     </span>
    </p>
   </div>
   <div class='ocr_carea' id='block_1_4' title="bbox 119 2941 1754 3092">
    <p class='ocr_par' dir='ltr' id='par_1_5' title="bbox 119 2941 1754 3092">
     <span class='ocr_line' id='line_1_39' title="bbox 180 2941 1754 2985; baseline 0.001 -11"><span class='ocrx_word' id='word_1_331' title='bbox 180 2943 191 2960; x_wconf 78' lang='lat'>¹</span> <span class='ocrx_word' id='word_1_332' title='bbox 213 2941 256 2974; x_wconf 89' lang='lat' dir='ltr'>In</span> <span class='ocrx_word' id='word_1_333' title='bbox 279 2942 440 2983; x_wconf 85' lang='lat' dir='ltr'>quodam</span> <span class='ocrx_word' id='word_1_334' title='bbox 463 2942 632 2983; x_wconf 85' lang='lat' dir='ltr'>catalogo</span> <span class='ocrx_word' id='word_1_335' title='bbox 649 2950 779 2974; x_wconf 89' lang='lat' dir='ltr'>eorum</span> <span class='ocrx_word' id='word_1_336' title='bbox 802 2942 867 2984; x_wconf 90' lang='lat' dir='ltr'>qui</span> <span class='ocrx_word' id='word_1_337' title='bbox 891 2943 1054 2984; x_wconf 86' lang='lat' dir='ltr'>ingressi</span> <span class='ocrx_word' id='word_1_338' title='bbox 1078 2944 1168 2976; x_wconf 82' lang='lat' dir='ltr'>sunt</span> <span class='ocrx_word' id='word_1_339' title='bbox 1192 2943 1416 2977; x_wconf 85' lang='lat' dir='ltr'>Societatem</span> <span class='ocrx_word' id='word_1_340' title='bbox 1434 2944 1473 2976; x_wconf 91' lang='lat' dir='ltr'>in</span> <span class='ocrx_word' id='word_1_341' title='bbox 1498 2943 1654 2985; x_wconf 87' lang='lat' dir='ltr'>collegio</span> <span class='ocrx_word' id='word_1_342' title='bbox 1670 2943 1754 2976; x_wconf 90' lang='lat' dir='ltr'>ebo-</span> 
     </span>
     <span class='ocr_line' id='line_1_40' title="bbox 119 2995 1754 3037; baseline 0.001 -10"><span class='ocrx_word' id='word_1_343' title='bbox 119 2995 220 3027; x_wconf 87' lang='lat' dir='ltr'>rensi</span> <span class='ocrx_word' id='word_1_344' title='bbox 242 2995 336 3037; x_wconf 90' lang='lat' dir='ltr'>(cod.</span> <span class='ocrx_word' id='word_1_345' title='bbox 360 2995 459 3028; x_wconf 81' lang='lat' dir='ltr'>Lus.</span> <span class='ocrx_word' id='word_1_346' title='bbox 482 2995 543 3031; x_wconf 79' lang='lat'>43,</span> <span class='ocrx_word' id='word_1_347' title='bbox 568 2995 592 3028; x_wconf 78' lang='lat' dir='ltr'>f.</span> <span class='ocrx_word' id='word_1_348' title='bbox 616 2995 693 3035; x_wconf 71' lang='lat'><strong>332)</strong></span> <span class='ocrx_word' id='word_1_349' title='bbox 731 2995 871 3028; x_wconf 85' lang='lat' dir='ltr'>dicitur</span> <span class='ocrx_word' id='word_1_350' title='bbox 892 2997 962 3029; x_wconf 90' lang='lat' dir='ltr'>suh</span> <span class='ocrx_word' id='word_1_351' title='bbox 986 3006 1087 3030; x_wconf 90' lang='lat' dir='ltr'>num.</span> <span class='ocrx_word' id='word_1_352' title='bbox 1113 2998 1175 3030; x_wconf 76' lang='lat'>47:</span> <span class='ocrx_word' id='word_1_353' title='bbox 1204 3010 1219 3026; x_wconf 84' lang='lat'><em>«</em></span> <span class='ocrx_word' id='word_1_354' title='bbox 1242 2997 1407 3030; x_wconf 83' lang='lat' dir='ltr'>Antonio</span> <span class='ocrx_word' id='word_1_355' title='bbox 1431 2997 1579 3030; x_wconf 87' lang='lat' dir='ltr'>Mendez</span> <span class='ocrx_word' id='word_1_356' title='bbox 1602 2996 1663 3029; x_wconf 77' lang='lat' dir='ltr'>fue</span> <span class='ocrx_word' id='word_1_357' title='bbox 1687 2996 1754 3029; x_wconf 87' lang='lat' dir='ltr'>ad-</span> 
     </span>
     <span class='ocr_line' id='line_1_41' title="bbox 119 3048 1312 3092; baseline 0.003 -11"><span class='ocrx_word' id='word_1_358' title='bbox 119 3048 251 3081; x_wconf 85' lang='lat' dir='ltr'>mitido</span> <span class='ocrx_word' id='word_1_359' title='bbox 273 3058 296 3081; x_wconf 84' lang='lat' dir='ltr'>a</span> <span class='ocrx_word' id='word_1_360' title='bbox 318 3049 354 3081; x_wconf 88' lang='lat' dir='ltr'>la</span> <span class='ocrx_word' id='word_1_361' title='bbox 375 3058 449 3090; x_wconf 75' lang='lat' dir='ltr'>pr.a</span> <span class='ocrx_word' id='word_1_362' title='bbox 471 3048 672 3091; x_wconf 81' lang='lat' dir='ltr'>prohaeion</span> <span class='ocrx_word' id='word_1_363' title='bbox 695 3058 717 3081; x_wconf 87' lang='lat' dir='ltr'>a</span> <span class='ocrx_word' id='word_1_364' title='bbox 739 3049 795 3081; x_wconf 92' lang='lat' dir='ltr'>los</span> <span class='ocrx_word' id='word_1_365' title='bbox 817 3050 855 3082; x_wconf 76' lang='lat'>21</span> <span class='ocrx_word' id='word_1_366' title='bbox 880 3051 924 3083; x_wconf 88' lang='lat' dir='ltr'>de</span> <span class='ocrx_word' id='word_1_367' title='bbox 947 3050 1087 3092; x_wconf 84' lang='lat' dir='ltr'>Agosto</span> <span class='ocrx_word' id='word_1_368' title='bbox 1110 3051 1154 3084; x_wconf 92' lang='lat' dir='ltr'>de</span> <span class='ocrx_word' id='word_1_369' title='bbox 1179 3051 1257 3083; x_wconf 88' lang='lat'>1561</span> <span class='ocrx_word' id='word_1_370' title='bbox 1281 3064 1312 3085; x_wconf 85' lang='lat'>».</span> 
     </span>
    </p>
   </div>
  </div>
 </body>
</html>
