2099 3516
396 249 465 284 364
866 249 1070 284 errnam:
1104 249 1459 293 QUADfflMEs'rnEs—

348 367 480 406 solari
511 369 552 406 et
582 367 772 417 gaudere
815 367 1054 417 plurimum
1086 368 1231 406 testati
1261 369 1380 414 sunt,
1412 367 1529 417 quod
1559 366 1816 406 Societatem
1848 370 1962 407 esset

347 430 643 480 ingressurus.
676 430 825 481 Neque
855 430 927 470 hic
947 442 997 470 ea
1019 431 1065 470 in
1087 443 1131 470 re
1152 431 1446 481 conquiescit3
1480 431 1656 470 fratrem
1680 434 1777 481 post
1797 432 1961 473 exactis

346 495 516 545 aliquot
545 495 772 534 mensibus
801 495 856 533 ad
885 507 931 534 se
951 497 1120 541 euocat,
1138 495 1362 546 qu[o]cum
1394 503 1412 519 ³¹·
1442 496 1503 534 ita
1536 495 1740 545 religiose
1762 496 1884 543 vixit,
1918 498 1960 535 vt

347 559 449 598 dum
482 559 526 598 in
557 559 837 599 Germaniam
867 572 966 598 cum
997 560 1263 610 quibusdam
1303 560 1547 599 mitteretur
1575 561 1789 609 (quorumt
1811 563 1961 610 postea

348 623 620 672 meminero),
662 624 795 663 trater
833 624 981 663 iunior
1009 625 1226 663 seniorem
1266 637 1290 663 a
1329 636 1374 663 se
1411 625 1599 664 distrahi
1637 627 1768 675 atque
1801 624 1960 668 ‘diuelli

347 699 435 725 non
467 700 638 737 passus,
685 688 966 727 Monachium
998 700 1082 727 vna
1112 700 1376 739 congressus
1405 691 1492 733 est:
1526 689 1657 740 idque
1689 690 1958 736 factumest,

347 751 407 789 vti
437 752 715 799 confidimus,
747 754 922 803 accepta
953 765 977 792 a
1008 753 1097 792 Deo
1127 752 1224 803 Opt.
1258 753 1369 792 Max.
1404 753 1526 802 prius
1570 753 1960 800 benedictionefflct

345 816 502 866 angelo
531 817 662 855 etiam
693 817 873 856 comite:
907 818 1084 857 iuuenis
1113 818 1231 856 enim
1262 820 1341 863 est,
1373 818 1501 857 cuius
1531 817 1702 857 indoles
1739 818 1959 867 praeclara

346 880 474 919 nobis
506 881 597 919 visa
627 883 705 920 est.
739 881 928 929 Tertius,
955 884 995 921 vt
1018 883 1155 921 forma
1185 884 1247 921 est
1279 882 1468 932 egregia,
1501 882 1559 921 ita
1586 882 1737 921 animo·
1752 885 1818 921 est
1843 894 1959 932 prae-

346 945 496 991 stanti,
529 948 660 984 natus
694 958 836 985 annos
867 947 928 986 17.
959 946 1196 997 Speramus
1240 947 1365 985 illum
1409 947 1649 997 aliquando
1692 959 1778 986 non
1825 959 1962 997 parua

348 1009 673 1058 praestiturum.
707 1010 814 1049 Nam
846 1011 984 1050 animi
1014 1011 1192 1057 candor,
1224 1014 1265 1050 et
1285 1011 1482 1061 corporis
1503 1011 1657 1058 forma,
1681 1012 1828 1051 nescio
1848 1024 1961 1062 quae

346 1073 476 1112 nobis
519 1075 752 1125 magnifica
783 1075 836 1114 de
866 1076 943 1115 illo
975 1076 1279 1126 polliceantur.
1324 1076 1421 1114 Duo
1463 1075 1768 1126 superioribus
1805 1076 1961 1120 diebus

345 1138 646 1177 adolescentes
677 1139 904 1190 Moguntia
926 1140 979 1178 ad
1002 1152 1083 1178 nos
1104 1152 1128 1178 a
1151 1140 1278 1178 Patre
1310 1140 1467 1178 Iodoco
1499 1142 1509 1163 1
1532 1140 1706 1179 adducti
1739 1142 1857 1187 sunt,
1884 1140 1960 1191 qui

345 1214 463 1241 nunc
492 1214 589 1242 cum
625 1204 875 1243 humilitate
904 1207 944 1243 et
975 1204 1201 1243 alacritate
1244 1204 1418 1243 culinae
1462 1204 1727 1251 inseruiunt,
1773 1206 1962 1255 postmo-

344 1267 448 1305 dum
494 1267 632 1306 literis
679 1280 856 1318 operam
904 1269 1066 1318 daturj,
1100 1271 1143 1307 vt
1172 1268 1449 1317 Germaniae,
1499 1281 1659 1319 magna
1706 1269 1962 1319 praecipitia

346 1331 548 1382 minantj,
580 1344 706 1382 opem
738 1333 892 1372 ferant.
940 1332 1098 1372 Sextus
1127 1335 1192 1372 est
1221 1333 1402 1384 quidam
1445 1333 1700 1372 adolescens
1742 1333 1891 1372 animo
1920 1336 1962 1385 et

343 1396 513 1445 corpori
547 1399 772 1436 venustus.
807 1397 889 1436 Hic
909 1409 1008 1436 cum
1037 1397 1188 1437 multis
1219 1398 1445 1436 mensibus
1475 1410 1563 1436 non
1593 1398 1850 1448 quiesceret.
1874 1398 1960 1437 nisi

346 1460 390 1498 in
421 1460 680 1500 Societatem
713 1464 826 1500 esset
856 1462 1093 1508 admissus,
1126 1462 1302 1501 tandem
1333 1474 1383 1501 ea
1413 1462 1479 1500 illi
1511 1462 1679 1501 ratione
1727 1463 1868 1501 factus
1897 1464 1962 1501 est

344 1525 455 1564 liber
484 1525 726 1576 ingressus,
778 1527 906 1566 modo
955 1527 1212 1577 parentibus
1242 1527 1286 1566 id
1315 1527 1432 1566 fieret
1481 1527 1685 1578 conscijs.
1731 1526 1855 1576 Quod
1887 1527 1960 1566 vbi

344 1589 572 1637 intellexit,
599 1590 711 1629 nihil
733 1593 979 1636 cunctatus,
1007 1603 1107 1631 mox
1129 1592 1174 1630 in
1198 1592 1381 1642 patriam
1414 1592 1574 1630 festino
1594 1592 1783 1642 quodam
1807 1603 1957 1642 gressu

343 1666 388 1693 se
421 1655 578 1705 rapuit,
603 1668 627 1694 a
650 1658 770 1706 patre
801 1656 1050 1695 facultatem
1084 1656 1412 1706 impetraturus.
1446 1657 1575 1695 Pater
1603 1656 1777 1707 quidem
1812 1657 1854 1695 id
1878 1656 1960 1707 pri-

343 1731 462 1757 mum
494 1720 669 1770 aegrius
698 1721 815 1765 tulit,
849 1723 891 1759 vt
923 1722 1011 1760 fere
1040 1721 1181 1760 solent
1212 1733 1365 1760 omnes
1395 1720 1613 1771 principio
1643 1723 1846 1771 parentes
1866 1732 1961 1760 esse

343 1784 562 1830 difficiles,
595 1785 711 1835 quod
742 1786 797 1824 ab
828 1786 883 1836 ijs
914 1798 1002 1824 non
1034 1788 1120 1824 tam
1153 1786 1284 1831 malo,
1316 1789 1392 1825 aut
1422 1786 1576 1836 iniquo
1618 1786 1782 1833 animo,
1827 1798 1959 1836 quam

342 1848 573 1888 Societatis
608 1850 800 1889 instituti
845 1851 1122 1901 ignoratione
1152 1851 1243 1902 fierj
1274 1851 1493 1890 existimo.
1539 1851 1784 1897 Coeterum,
1816 1852 1889 1891 vbi
1919 1854 1961 1890 et

344 1914 520 1953 viuendi
552 1914 782 1954 Societatis
813 1916 1042 1961 rationem,
1074 1918 1116 1954 et
1135 1928 1223 1966 quo
1253 1916 1449 1954 eiusdem
1479 1918 1664 1955 conatus
1693 1918 1734 1955 et
1763 1916 1959 1955 studium

342 1979 540 2025 ferretur,
573 1991 596 2017 a
621 1980 709 2018 tilio
739 1981 1000 2027 audiuisset,
1035 1980 1233 2030 petitioni
1265 1981 1426 2019 anuuit·
1453 1981 1732 2031 perlibenter,
1759 1992 1810 2019 ea
1830 1992 1960 2031 porro

342 2043 451 2093 lege,
477 2045 515 2082 vt
542 2044 751 2083 Leodium
778 2045 1137 2095 proficisceretur,
1161 2046 1424 2084 obtenturus
1445 2046 1576 2084 etiam
1593 2058 1617 2084 a
1634 2057 1715 2084 suo
1736 2045 1959 2085 auunculo

346 2108 531 2157 veniam,
555 2109 630 2159 qui
654 2109 739 2148 iam
764 2110 967 2159 pluribus
988 2122 1086 2148 eum
1118 2110 1258 2149 literis
1280 2109 1463 2149 Colonia
1484 2110 1720 2155 exciuerat,
1746 2112 1788 2149 vt
1810 2110 1959 2160 aliquo

342 2173 552 2211 beneficio
583 2174 878 2213 ecclesiastico
908 2174 1160 2214 donaretur.
1196 2174 1276 2213 Hic
1307 2175 1444 2225 patris
1473 2175 1590 2214 dicto
1620 2175 1822 2218 audiens,
1855 2174 1959 2213 Leo-

340 2237 460 2276 dium
493 2238 614 2288 petit,
655 2239 880 2278 auunculo
910 2239 1047 2278 animi
1078 2239 1147 2278 sui
1177 2239 1396 2278 desideria
1439 2240 1607 2289 retegit.
1641 2239 1724 2278 Sed
1758 2239 1828 2278 vbi
1858 2251 1956 2278 eum

340 2302 566 2341 difficilem
603 2303 987 2349 animaduerteret,
1038 2306 1079 2343 et
1127 2304 1213 2343 iam
1262 2316 1307 2343 se
1350 2316 1445 2343 esse
1474 2304 1778 2343 deducendum
1810 2303 1889 2354 (sic
1917 2316 1958 2343 a·

342 2368 536 2406 uunculo
556 2368 721 2407 crebris
741 2369 1021 2408 sermonibus
1042 2369 1260 2415 hortante,
1281 2372 1322 2408 et
1342 2369 1668 2419 quodammodo
1689 2369 1956 2419 impellente)

340 2431 394 2469 ad
425 2432 655 2479 quemdam
690 2433 833 2472 virum
869 2433 1101 2479 illustrem,
1134 2445 1159 2472 a
1187 2446 1275 2484 quo
1306 2433 1517 2472 beneficio
1559 2433 1855 2472 ecclesiastico
1884 2433 1959 2472 do-

340 2496 516 2535 nandus
544 2499 651 2543 erat,
683 2497 933 2536 clanculum
963 2499 1018 2536 ab
1039 2498 1135 2537 eius
1164 2500 1342 2548 aspectu
1364 2510 1410 2537 se
1430 2498 1696 2545 subducens,
1729 2497 1957 2537 Coloniam

340 2560 465 2599 redit.
512 2560 637 2610 Quod
668 2563 712 2600 vt
741 2562 797 2600 ab
835 2574 885 2601 eo
917 2562 1076 2602 factum
1127 2563 1349 2613 praeclare
1396 2562 1667 2611 audiuimus,
1713 2563 1773 2602 ita
1803 2563 1849 2602 in
1879 2562 1957 2602 So-

339 2625 538 2664 cietatem
586 2626 808 2665 admissus
855 2628 933 2666 est.
980 2628 1022 2666 Is
1067 2628 1223 2678 partim
1271 2627 1433 2679 officijs
1479 2627 1747 2675 domesticis,
1797 2627 1956 2678 partim

339 2689 582 2729 rhetoricae
602 2693 643 2730 et
664 2703 844 2742 graecae
873 2692 1053 2742 linguae
1083 2692 1313 2732 incumbit.
1347 2692 1526 2732 Annum
1558 2692 1643 2731 iam
1676 2692 1725 2731 18
1753 2692 1953 2733 excessit.

401 2862 418 2880 a
443 2853 681 2895 Consumpta
704 2855 857 2887 charta.

401 3008 410 3025 ¹
434 3006 470 3038 P.
495 3006 649 3039 lodocus
673 3007 872 3040 Carcineus
895 3008 1165 3049 (Carcaeneus).
1191 3008 1242 3041 Cf.
1267 3009 1412 3041 Lamia·
1434 3008 1620 3048 Monam„
1645 3008 1688 3048 V,
1713 3009 1785 3041 483.
