<?xml version="1.0" encoding="UTF-8"?>
<!DOCTYPE html PUBLIC "-//W3C//DTD XHTML 1.0 Transitional//EN"
    "http://www.w3.org/TR/xhtml1/DTD/xhtml1-transitional.dtd">
<html xmlns="http://www.w3.org/1999/xhtml" xml:lang="en" lang="en">
 <head>
  <title>
</title>
<meta http-equiv="Content-Type" content="text/html;charset=utf-8" />
  <meta name='ocr-system' content='tesseract 3.04.00' />
  <meta name='ocr-capabilities' content='ocr_page ocr_carea ocr_par ocr_line ocrx_word'/>
</head>
<body>
  <div class='ocr_page' id='page_1' title='image "./litteraequadrime19lain_0086.png"; bbox 0 0 2099 3516; ppageno 0'>
   <div class='ocr_carea' id='block_1_1' title="bbox 411 250 1463 298">
    <p class='ocr_par' dir='ltr' id='par_1_1' title="bbox 411 250 1463 298">
     <span class='ocr_line' id='line_1_1' title="bbox 411 250 1463 298; baseline 0 -10"><span class='ocrx_word' id='word_1_1' title='bbox 411 250 456 284; x_wconf 69' lang='lat'>(54</span> <span class='ocrx_word' id='word_1_2' title='bbox 882 253 1086 289; x_wconf 69' lang='lat' dir='ltr'>Lir&#39;rERAr:</span> <span class='ocrx_word' id='word_1_3' title='bbox 1120 254 1463 298; x_wconf 63' lang='lat' dir='ltr'>QUADfflMEsrRffi</span> 
     </span>
    </p>
   </div>
   <div class='ocr_carea' id='block_1_2' title="bbox 352 368 1981 2685">
    <p class='ocr_par' dir='ltr' id='par_1_2' title="bbox 354 368 1981 2105">
     <span class='ocr_line' id='line_1_2' title="bbox 363 368 1981 424; baseline 0.003 -17"><span class='ocrx_word' id='word_1_4' title='bbox 363 368 475 408; x_wconf 86' lang='lat' dir='ltr'>Dum</span> <span class='ocrx_word' id='word_1_5' title='bbox 508 381 613 409; x_wconf 90' lang='lat' dir='ltr'>uero</span> <span class='ocrx_word' id='word_1_6' title='bbox 643 371 955 411; x_wconf 80' lang='lat' dir='ltr'>eleemosinam</span> <span class='ocrx_word' id='word_1_7' title='bbox 986 375 1191 421; x_wconf 79' lang='lat' dir='ltr'>sumeret,</span> <span class='ocrx_word' id='word_1_8' title='bbox 1224 385 1273 412; x_wconf 88' lang='lat' dir='ltr'>ac</span> <span class='ocrx_word' id='word_1_9' title='bbox 1302 373 1354 411; x_wconf 91' lang='lat' dir='ltr'>de</span> <span class='ocrx_word' id='word_1_10' title='bbox 1384 384 1464 411; x_wconf 87' lang='lat' dir='ltr'>sua</span> <span class='ocrx_word' id='word_1_11' title='bbox 1500 374 1756 422; x_wconf 87' lang='lat' dir='ltr'>paupertate</span> <span class='ocrx_word' id='word_1_12' title='bbox 1793 384 1981 424; x_wconf 84' lang='lat' dir='ltr'>conque·</span> 
     </span>
     <span class='ocr_line' id='line_1_3' title="bbox 364 435 1980 487; baseline 0.002 -15"><span class='ocrx_word' id='word_1_13' title='bbox 364 435 545 481; x_wconf 88' lang='lat' dir='ltr'>reretur,</span> <span class='ocrx_word' id='word_1_14' title='bbox 577 435 757 485; x_wconf 89' lang='lat' dir='ltr'>quidam</span> <span class='ocrx_word' id='word_1_15' title='bbox 787 448 838 476; x_wconf 81' lang='lat' dir='ltr'>ex</span> <span class='ocrx_word' id='word_1_16' title='bbox 869 437 1033 476; x_wconf 87' lang='lat' dir='ltr'>nostris</span> <span class='ocrx_word' id='word_1_17' title='bbox 1062 437 1300 487; x_wconf 88' lang='lat' dir='ltr'>explicauit</span> <span class='ocrx_word' id='word_1_18' title='bbox 1344 436 1410 475; x_wconf 91' lang='lat' dir='ltr'>illi</span> <span class='ocrx_word' id='word_1_19' title='bbox 1454 437 1823 486; x_wconf 82' lang='lat' dir='ltr'>quemadmodum</span> <span class='ocrx_word' id='word_1_20' title='bbox 1863 437 1980 476; x_wconf 90' lang='lat' dir='ltr'>Deus</span> 
     </span>
     <span class='ocr_line' id='line_1_4' title="bbox 362 497 1981 551; baseline 0.002 -15"><span class='ocrx_word' id='word_1_21' title='bbox 362 497 501 537; x_wconf 80' lang='lat' dir='ltr'>soleat</span> <span class='ocrx_word' id='word_1_22' title='bbox 531 502 707 549; x_wconf 83' lang='lat' dir='ltr'>pecc-ata</span> <span class='ocrx_word' id='word_1_23' title='bbox 735 512 786 540; x_wconf 90' lang='lat' dir='ltr'>eo</span> <span class='ocrx_word' id='word_1_24' title='bbox 816 501 946 540; x_wconf 87' lang='lat' dir='ltr'>modo</span> <span class='ocrx_word' id='word_1_25' title='bbox 976 502 1147 551; x_wconf 86' lang='lat' dir='ltr'>punire,</span> <span class='ocrx_word' id='word_1_26' title='bbox 1181 512 1230 540; x_wconf 86' lang='lat' dir='ltr'>ac</span> <span class='ocrx_word' id='word_1_27' title='bbox 1260 500 1444 551; x_wconf 84' lang='lat' dir='ltr'>proinde</span> <span class='ocrx_word' id='word_1_28' title='bbox 1473 501 1770 540; x_wconf 86' lang='lat' dir='ltr'>necessarium</span> <span class='ocrx_word' id='word_1_29' title='bbox 1800 502 1905 551; x_wconf 86' lang='lat' dir='ltr'>fore,</span> <span class='ocrx_word' id='word_1_30' title='bbox 1933 503 1981 541; x_wconf 91' lang='lat' dir='ltr'>ut</span> 
     </span>
     <span class='ocr_line' id='line_1_5' title="bbox 363 561 1981 616; baseline 0.003 -16"><span class='ocrx_word' id='word_1_31' title='bbox 363 561 453 601; x_wconf 92' lang='lat' dir='ltr'>Deo</span> <span class='ocrx_word' id='word_1_32' title='bbox 482 575 559 613; x_wconf 89' lang='lat' dir='ltr'>per</span> <span class='ocrx_word' id='word_1_33' title='bbox 586 565 909 605; x_wconf 85' lang='lat' dir='ltr'>confessionem</span> <span class='ocrx_word' id='word_1_34' title='bbox 940 565 1311 609; x_wconf 78' lang='lat' dir='ltr'>reconciliaretur,</span> <span class='ocrx_word' id='word_1_35' title='bbox 1343 565 1381 603; x_wconf 91' lang='lat' dir='ltr'>si</span> <span class='ocrx_word' id='word_1_36' title='bbox 1413 565 1545 604; x_wconf 89' lang='lat' dir='ltr'>uellet</span> <span class='ocrx_word' id='word_1_37' title='bbox 1576 566 1893 616; x_wconf 82' lang='lat' dir='ltr'>prosperiorem</span> <span class='ocrx_word' id='word_1_38' title='bbox 1919 577 1981 605; x_wconf 86' lang='lat' dir='ltr'>re-</span> 
     </span>
     <span class='ocr_line' id='line_1_6' title="bbox 363 629 1978 680; baseline 0.002 -15"><span class='ocrx_word' id='word_1_39' title='bbox 363 638 458 666; x_wconf 91' lang='lat' dir='ltr'>rum</span> <span class='ocrx_word' id='word_1_40' title='bbox 490 639 671 668; x_wconf 87' lang='lat' dir='ltr'>suarum</span> <span class='ocrx_word' id='word_1_41' title='bbox 701 641 953 669; x_wconf 86' lang='lat' dir='ltr'>successum</span> <span class='ocrx_word' id='word_1_42' title='bbox 984 629 1188 680; x_wconf 83' lang='lat' dir='ltr'>experirj,</span> <span class='ocrx_word' id='word_1_43' title='bbox 1211 631 1290 668; x_wconf 91' lang='lat' dir='ltr'>etc.</span> <span class='ocrx_word' id='word_1_44' title='bbox 1316 630 1433 668; x_wconf 87' lang='lat' dir='ltr'>Haec</span> <span class='ocrx_word' id='word_1_45' title='bbox 1464 630 1696 669; x_wconf 87' lang='lat' dir='ltr'>familiaris</span> <span class='ocrx_word' id='word_1_46' title='bbox 1716 630 1978 677; x_wconf 73' lang='lat' dir='ltr'>exhortatio,</span> 
     </span>
     <span class='ocr_line' id='line_1_7' title="bbox 361 693 1981 744; baseline 0.002 -14"><span class='ocrx_word' id='word_1_47' title='bbox 361 703 493 742; x_wconf 85' lang='lat' dir='ltr'>quam</span> <span class='ocrx_word' id='word_1_48' title='bbox 524 696 748 744; x_wconf 87' lang='lat' dir='ltr'>acceperat</span> <span class='ocrx_word' id='word_1_49' title='bbox 777 694 913 737; x_wconf 79' lang='lat' dir='ltr'>cordi,</span> <span class='ocrx_word' id='word_1_50' title='bbox 944 706 1043 733; x_wconf 91' lang='lat' dir='ltr'>cum</span> <span class='ocrx_word' id='word_1_51' title='bbox 1073 693 1302 739; x_wconf 76' lang='lat' dir='ltr'>abiuisset,</span> <span class='ocrx_word' id='word_1_52' title='bbox 1334 705 1433 733; x_wconf 89' lang='lat' dir='ltr'>eum</span> <span class='ocrx_word' id='word_1_53' title='bbox 1463 694 1518 733; x_wconf 86' lang='lat' dir='ltr'>ad</span> <span class='ocrx_word' id='word_1_54' title='bbox 1550 706 1629 733; x_wconf 88' lang='lat' dir='ltr'>nos</span> <span class='ocrx_word' id='word_1_55' title='bbox 1659 694 1813 741; x_wconf 90' lang='lat' dir='ltr'>redire,</span> <span class='ocrx_word' id='word_1_56' title='bbox 1836 706 1981 734; x_wconf 90' lang='lat' dir='ltr'>suam-</span> 
     </span>
     <span class='ocr_line' id='line_1_8' title="bbox 361 756 1981 809; baseline 0.001 -13"><span class='ocrx_word' id='word_1_57' title='bbox 361 768 446 806; x_wconf 88' lang='lat' dir='ltr'>que</span> <span class='ocrx_word' id='word_1_58' title='bbox 476 756 601 796; x_wconf 76' lang='lat' dir='ltr'>fateri</span> <span class='ocrx_word' id='word_1_59' title='bbox 631 758 805 808; x_wconf 88' lang='lat' dir='ltr'>culpam</span> <span class='ocrx_word' id='word_1_60' title='bbox 836 758 991 809; x_wconf 75' lang='lat' dir='ltr'>coegit.</span> <span class='ocrx_word' id='word_1_61' title='bbox 1026 758 1132 796; x_wconf 89' lang='lat' dir='ltr'>Nam</span> <span class='ocrx_word' id='word_1_62' title='bbox 1167 769 1370 797; x_wconf 86' lang='lat' dir='ltr'>reuersus</span> <span class='ocrx_word' id='word_1_63' title='bbox 1400 758 1629 798; x_wconf 88' lang='lat' dir='ltr'>humiliter</span> <span class='ocrx_word' id='word_1_64' title='bbox 1666 759 1844 798; x_wconf 88' lang='lat' dir='ltr'>ueniam</span> <span class='ocrx_word' id='word_1_65' title='bbox 1875 759 1981 809; x_wconf 87' lang='lat' dir='ltr'>peti-</span> 
     </span>
     <span class='ocr_line' id='line_1_9' title="bbox 362 821 1980 874; baseline 0.002 -14"><span class='ocrx_word' id='word_1_66' title='bbox 362 821 441 868; x_wconf 77' lang='lat' dir='ltr'>uit,</span> <span class='ocrx_word' id='word_1_67' title='bbox 473 823 589 872; x_wconf 85' lang='lat' dir='ltr'>quod</span> <span class='ocrx_word' id='word_1_68' title='bbox 621 825 749 862; x_wconf 87' lang='lat' dir='ltr'>antea</span> <span class='ocrx_word' id='word_1_69' title='bbox 787 824 961 874; x_wconf 86' lang='lat' dir='ltr'>quoties</span> <span class='ocrx_word' id='word_1_70' title='bbox 1004 823 1301 873; x_wconf 81' lang='lat' dir='ltr'>interrogatus</span> <span class='ocrx_word' id='word_1_71' title='bbox 1344 823 1514 866; x_wconf 86' lang='lat' dir='ltr'>fuisset.</span> <span class='ocrx_word' id='word_1_72' title='bbox 1557 824 1686 863; x_wconf 90' lang='lat' dir='ltr'>toties</span> <span class='ocrx_word' id='word_1_73' title='bbox 1729 824 1980 864; x_wconf 89' lang='lat' dir='ltr'>mentiendo</span> 
     </span>
     <span class='ocr_line' id='line_1_10' title="bbox 362 887 1980 939; baseline 0.001 -14"><span class='ocrx_word' id='word_1_74' title='bbox 362 889 596 935; x_wconf 75' lang='lat' dir='ltr'>peccasset,</span> <span class='ocrx_word' id='word_1_75' title='bbox 633 899 731 926; x_wconf 90' lang='lat' dir='ltr'>cum</span> <span class='ocrx_word' id='word_1_76' title='bbox 780 888 959 926; x_wconf 90' lang='lat' dir='ltr'>natione</span> <span class='ocrx_word' id='word_1_77' title='bbox 998 887 1375 938; x_wconf 80' lang='lat' dir='ltr'>witenbergensis,</span> <span class='ocrx_word' id='word_1_78' title='bbox 1408 900 1458 927; x_wconf 84' lang='lat' dir='ltr'>ac</span> <span class='ocrx_word' id='word_1_79' title='bbox 1504 889 1683 928; x_wconf 89' lang='lat' dir='ltr'>Lutheri</span> <span class='ocrx_word' id='word_1_80' title='bbox 1714 891 1756 928; x_wconf 87' lang='lat' dir='ltr'>et</span> <span class='ocrx_word' id='word_1_81' title='bbox 1786 889 1980 939; x_wconf 86' lang='lat' dir='ltr'>Philippi</span> 
     </span>
     <span class='ocr_line' id='line_1_11' title="bbox 359 950 1980 1004; baseline 0.001 -14"><span class='ocrx_word' id='word_1_82' title='bbox 359 950 607 1001; x_wconf 89' lang='lat' dir='ltr'>discipulus</span> <span class='ocrx_word' id='word_1_83' title='bbox 638 964 661 990; x_wconf 93' lang='lat' dir='ltr'>a</span> <span class='ocrx_word' id='word_1_84' title='bbox 692 952 847 1002; x_wconf 83' lang='lat' dir='ltr'>primis</span> <span class='ocrx_word' id='word_1_85' title='bbox 876 953 1007 991; x_wconf 90' lang='lat' dir='ltr'>annis</span> <span class='ocrx_word' id='word_1_86' title='bbox 1027 960 1060 997; x_wconf 58' lang='grc' dir='ltr'>ἃ,</span> <span class='ocrx_word' id='word_1_87' title='bbox 1093 954 1323 992; x_wconf 81' lang='lat' dir='ltr'>contessus</span> <span class='ocrx_word' id='word_1_88' title='bbox 1344 964 1574 1004; x_wconf 88' lang='lat' dir='ltr'>nunquam</span> <span class='ocrx_word' id='word_1_89' title='bbox 1605 953 1774 992; x_wconf 86' lang='lat' dir='ltr'>fuisset.</span> <span class='ocrx_word' id='word_1_90' title='bbox 1804 953 1885 992; x_wconf 89' lang='lat' dir='ltr'>Hic</span> <span class='ocrx_word' id='word_1_91' title='bbox 1906 953 1980 992; x_wconf 89' lang='lat' dir='ltr'>ille</span> 
     </span>
     <span class='ocr_line' id='line_1_12' title="bbox 360 1017 1979 1068; baseline 0.001 -14"><span class='ocrx_word' id='word_1_92' title='bbox 360 1017 568 1055; x_wconf 88' lang='lat' dir='ltr'>narrabat</span> <span class='ocrx_word' id='word_1_93' title='bbox 596 1017 750 1067; x_wconf 87' lang='lat' dir='ltr'>quales</span> <span class='ocrx_word' id='word_1_94' title='bbox 781 1017 1036 1056; x_wconf 89' lang='lat' dir='ltr'>Melanthon</span> <span class='ocrx_word' id='word_1_95' title='bbox 1064 1017 1191 1067; x_wconf 84' lang='lat' dir='ltr'>(proh</span> <span class='ocrx_word' id='word_1_96' title='bbox 1211 1017 1351 1067; x_wconf 91' lang='lat' dir='ltr'>dolor)</span> <span class='ocrx_word' id='word_1_97' title='bbox 1376 1017 1690 1068; x_wconf 88' lang='lat' dir='ltr'>blasphemias,</span> <span class='ocrx_word' id='word_1_98' title='bbox 1723 1017 1979 1068; x_wconf 88' lang='lat' dir='ltr'>praesertim</span> 
     </span>
     <span class='ocr_line' id='line_1_13' title="bbox 360 1081 1979 1133; baseline 0.001 -14"><span class='ocrx_word' id='word_1_99' title='bbox 360 1081 406 1119; x_wconf 92' lang='lat' dir='ltr'>in</span> <span class='ocrx_word' id='word_1_100' title='bbox 436 1084 764 1121; x_wconf 85' lang='lat' dir='ltr'>sacrosanctum</span> <span class='ocrx_word' id='word_1_101' title='bbox 797 1082 955 1121; x_wconf 86' lang='lat' dir='ltr'>Missae</span> <span class='ocrx_word' id='word_1_102' title='bbox 984 1082 1265 1125; x_wconf 80' lang='lat' dir='ltr'>sacrificium.</span> <span class='ocrx_word' id='word_1_103' title='bbox 1297 1083 1512 1133; x_wconf 84' lang='lat' dir='ltr'>conijcere</span> <span class='ocrx_word' id='word_1_104' title='bbox 1545 1083 1864 1122; x_wconf 85' lang='lat' dir='ltr'>consueuisset.</span> <span class='ocrx_word' id='word_1_105' title='bbox 1900 1082 1979 1122; x_wconf 92' lang='lat' dir='ltr'>Hic</span> 
     </span>
     <span class='ocr_line' id='line_1_14' title="bbox 360 1146 1976 1187; baseline 0.001 -3"><span class='ocrx_word' id='word_1_106' title='bbox 360 1146 498 1185; x_wconf 87' lang='lat' dir='ltr'>multa</span> <span class='ocrx_word' id='word_1_107' title='bbox 541 1147 593 1185; x_wconf 89' lang='lat' dir='ltr'>de</span> <span class='ocrx_word' id='word_1_108' title='bbox 636 1147 970 1186; x_wconf 85' lang='lat' dir='ltr'>lutheranorum</span> <span class='ocrx_word' id='word_1_109' title='bbox 1000 1147 1358 1187; x_wconf 85' lang='lat' dir='ltr'>dissensionibus</span> <span class='ocrx_word' id='word_1_110' title='bbox 1400 1150 1441 1186; x_wconf 91' lang='lat' dir='ltr'>et</span> <span class='ocrx_word' id='word_1_111' title='bbox 1483 1148 1698 1187; x_wconf 83' lang='lat' dir='ltr'>abusibus</span> <span class='ocrx_word' id='word_1_112' title='bbox 1741 1148 1976 1186; x_wconf 85' lang='lat' dir='ltr'>referebat:</span> 
     </span>
     <span class='ocr_line' id='line_1_15' title="bbox 359 1210 1980 1262; baseline 0.001 -13"><span class='ocrx_word' id='word_1_113' title='bbox 359 1210 615 1261; x_wconf 89' lang='lat' dir='ltr'>disputabat</span> <span class='ocrx_word' id='word_1_114' title='bbox 647 1224 823 1262; x_wconf 82' lang='lat' dir='ltr'>quoque</span> <span class='ocrx_word' id='word_1_115' title='bbox 859 1212 1012 1257; x_wconf 88' lang='lat' dir='ltr'>multa,</span> <span class='ocrx_word' id='word_1_116' title='bbox 1044 1212 1119 1251; x_wconf 91' lang='lat' dir='ltr'>sed</span> <span class='ocrx_word' id='word_1_117' title='bbox 1163 1212 1362 1252; x_wconf 87' lang='lat' dir='ltr'>discendi</span> <span class='ocrx_word' id='word_1_118' title='bbox 1407 1213 1570 1259; x_wconf 87' lang='lat' dir='ltr'>studio,</span> <span class='ocrx_word' id='word_1_119' title='bbox 1604 1212 1836 1262; x_wconf 76' lang='lat' dir='ltr'>praecipue</span> <span class='ocrx_word' id='word_1_120' title='bbox 1864 1212 1980 1251; x_wconf 90' lang='lat' dir='ltr'>circa</span> 
     </span>
     <span class='ocr_line' id='line_1_16' title="bbox 361 1275 1977 1323; baseline 0.001 -10"><span class='ocrx_word' id='word_1_121' title='bbox 361 1275 521 1314; x_wconf 88' lang='lat' dir='ltr'>missae</span> <span class='ocrx_word' id='word_1_122' title='bbox 550 1276 829 1323; x_wconf 79' lang='lat' dir='ltr'>sacrificium,</span> <span class='ocrx_word' id='word_1_123' title='bbox 868 1277 1189 1315; x_wconf 80' lang='lat' dir='ltr'>confessionem</span> <span class='ocrx_word' id='word_1_124' title='bbox 1233 1279 1275 1316; x_wconf 92' lang='lat' dir='ltr'>et</span> <span class='ocrx_word' id='word_1_125' title='bbox 1317 1277 1672 1317; x_wconf 87' lang='lat' dir='ltr'>communionem</span> <span class='ocrx_word' id='word_1_126' title='bbox 1716 1277 1977 1315; x_wconf 83' lang='lat' dir='ltr'>catholicam</span> 
     </span>
     <span class='ocr_line' id='line_1_17' title="bbox 359 1340 1980 1392; baseline 0.001 -14"><span class='ocrx_word' id='word_1_127' title='bbox 359 1340 647 1390; x_wconf 76' lang='lat' dir='ltr'>argumentis,</span> <span class='ocrx_word' id='word_1_128' title='bbox 679 1353 791 1391; x_wconf 84' lang='lat' dir='ltr'>quae</span> <span class='ocrx_word' id='word_1_129' title='bbox 821 1353 845 1379; x_wconf 91' lang='lat' dir='ltr'>a</span> <span class='ocrx_word' id='word_1_130' title='bbox 878 1341 1084 1391; x_wconf 85' lang='lat' dir='ltr'>Philippo</span> <span class='ocrx_word' id='word_1_131' title='bbox 1115 1341 1342 1383; x_wconf 80' lang='lat' dir='ltr'>didicerat,</span> <span class='ocrx_word' id='word_1_132' title='bbox 1375 1342 1657 1392; x_wconf 75' lang='lat' dir='ltr'>impugnans.</span> <span class='ocrx_word' id='word_1_133' title='bbox 1684 1342 1844 1380; x_wconf 75' lang='lat' dir='ltr'>Verum</span> <span class='ocrx_word' id='word_1_134' title='bbox 1870 1341 1980 1380; x_wconf 89' lang='lat' dir='ltr'>mul—</span> 
     </span>
     <span class='ocr_line' id='line_1_18' title="bbox 359 1404 1977 1457; baseline 0.001 -14"><span class='ocrx_word' id='word_1_135' title='bbox 359 1404 415 1444; x_wconf 91' lang='lat' dir='ltr'>tis</span> <span class='ocrx_word' id='word_1_136' title='bbox 446 1406 548 1444; x_wconf 87' lang='lat' dir='ltr'>hinc</span> <span class='ocrx_word' id='word_1_137' title='bbox 579 1406 680 1444; x_wconf 85' lang='lat' dir='ltr'>inde</span> <span class='ocrx_word' id='word_1_138' title='bbox 713 1406 996 1445; x_wconf 86' lang='lat' dir='ltr'>uehementer</span> <span class='ocrx_word' id='word_1_139' title='bbox 1025 1406 1218 1457; x_wconf 69' lang='lat' dir='ltr'>agitatis,</span> <span class='ocrx_word' id='word_1_140' title='bbox 1251 1407 1425 1446; x_wconf 86' lang='lat' dir='ltr'>ueritati</span> <span class='ocrx_word' id='word_1_141' title='bbox 1471 1407 1644 1446; x_wconf 89' lang='lat' dir='ltr'>tandem</span> <span class='ocrx_word' id='word_1_142' title='bbox 1689 1407 1821 1446; x_wconf 83' lang='lat' dir='ltr'>cessit</span> <span class='ocrx_word' id='word_1_143' title='bbox 1861 1418 1977 1446; x_wconf 88' lang='lat' dir='ltr'>men-</span> 
     </span>
     <span class='ocr_line' id='line_1_19' title="bbox 358 1469 1980 1522; baseline 0.001 -14"><span class='ocrx_word' id='word_1_144' title='bbox 358 1469 548 1513; x_wconf 70' lang='lat' dir='ltr'>dacium,</span> <span class='ocrx_word' id='word_1_145' title='bbox 580 1473 621 1509; x_wconf 90' lang='lat' dir='ltr'>et</span> <span class='ocrx_word' id='word_1_146' title='bbox 651 1470 854 1510; x_wconf 87' lang='lat' dir='ltr'>Christus</span> <span class='ocrx_word' id='word_1_147' title='bbox 887 1471 1160 1510; x_wconf 87' lang='lat' dir='ltr'>intellectum</span> <span class='ocrx_word' id='word_1_148' title='bbox 1191 1471 1256 1510; x_wconf 89' lang='lat' dir='ltr'>illi</span> <span class='ocrx_word' id='word_1_149' title='bbox 1287 1472 1421 1512; x_wconf 86' lang='lat' dir='ltr'>dedit.</span> <span class='ocrx_word' id='word_1_150' title='bbox 1457 1473 1501 1510; x_wconf 91' lang='lat' dir='ltr'>ut</span> <span class='ocrx_word' id='word_1_151' title='bbox 1531 1474 1703 1522; x_wconf 84' lang='lat' dir='ltr'>saperet</span> <span class='ocrx_word' id='word_1_152' title='bbox 1744 1474 1785 1510; x_wconf 89' lang='lat' dir='ltr'>et</span> <span class='ocrx_word' id='word_1_153' title='bbox 1819 1471 1980 1510; x_wconf 89' lang='lat' dir='ltr'>intelli-</span> 
     </span>
     <span class='ocr_line' id='line_1_20' title="bbox 358 1536 1979 1586; baseline 0.002 -14"><span class='ocrx_word' id='word_1_154' title='bbox 358 1537 491 1584; x_wconf 76' lang='lat' dir='ltr'>geret,</span> <span class='ocrx_word' id='word_1_155' title='bbox 524 1537 657 1585; x_wconf 84' lang='lat' dir='ltr'>utque</span> <span class='ocrx_word' id='word_1_156' title='bbox 689 1538 1019 1575; x_wconf 83' lang='lat' dir='ltr'>conuerteretur</span> <span class='ocrx_word' id='word_1_157' title='bbox 1047 1547 1097 1574; x_wconf 91' lang='lat' dir='ltr'>ac</span> <span class='ocrx_word' id='word_1_158' title='bbox 1128 1536 1320 1577; x_wconf 88' lang='lat' dir='ltr'>uiueret:</span> <span class='ocrx_word' id='word_1_159' title='bbox 1362 1548 1461 1575; x_wconf 89' lang='lat' dir='ltr'>nam</span> <span class='ocrx_word' id='word_1_160' title='bbox 1507 1536 1749 1575; x_wconf 87' lang='lat' dir='ltr'>catholicas</span> <span class='ocrx_word' id='word_1_161' title='bbox 1791 1536 1979 1586; x_wconf 85' lang='lat' dir='ltr'>explica·</span> 
     </span>
     <span class='ocr_line' id='line_1_21' title="bbox 357 1598 1975 1651; baseline 0.002 -14"><span class='ocrx_word' id='word_1_162' title='bbox 357 1598 500 1638; x_wconf 87' lang='lat' dir='ltr'>tiones</span> <span class='ocrx_word' id='word_1_163' title='bbox 526 1611 614 1638; x_wconf 90' lang='lat' dir='ltr'>non</span> <span class='ocrx_word' id='word_1_164' title='bbox 644 1600 789 1639; x_wconf 89' lang='lat' dir='ltr'>solum</span> <span class='ocrx_word' id='word_1_165' title='bbox 822 1601 957 1650; x_wconf 88' lang='lat' dir='ltr'>probe</span> <span class='ocrx_word' id='word_1_166' title='bbox 978 1600 1210 1643; x_wconf 77' lang='lat' dir='ltr'>intellexit,</span> <span class='ocrx_word' id='word_1_167' title='bbox 1234 1613 1283 1640; x_wconf 89' lang='lat' dir='ltr'>ac</span> <span class='ocrx_word' id='word_1_168' title='bbox 1304 1601 1447 1640; x_wconf 87' lang='lat' dir='ltr'>modis</span> <span class='ocrx_word' id='word_1_169' title='bbox 1468 1601 1677 1640; x_wconf 89' lang='lat' dir='ltr'>omnibus</span> <span class='ocrx_word' id='word_1_170' title='bbox 1697 1601 1975 1651; x_wconf 82' lang='lat' dir='ltr'>approbauit.</span> 
     </span>
     <span class='ocr_line' id='line_1_22' title="bbox 357 1664 1978 1717; baseline 0.001 -15"><span class='ocrx_word' id='word_1_171' title='bbox 357 1664 433 1702; x_wconf 89' lang='lat' dir='ltr'>sed</span> <span class='ocrx_word' id='word_1_172' title='bbox 466 1676 623 1715; x_wconf 81' lang='lat' dir='ltr'>magno</span> <span class='ocrx_word' id='word_1_173' title='bbox 653 1676 829 1715; x_wconf 77' lang='lat' dir='ltr'>quoque</span> <span class='ocrx_word' id='word_1_174' title='bbox 860 1665 1078 1704; x_wconf 87' lang='lat' dir='ltr'>desiderio</span> <span class='ocrx_word' id='word_1_175' title='bbox 1108 1666 1338 1716; x_wconf 86' lang='lat' dir='ltr'>amplexus</span> <span class='ocrx_word' id='word_1_176' title='bbox 1367 1668 1446 1708; x_wconf 84' lang='lat' dir='ltr'>est,</span> <span class='ocrx_word' id='word_1_177' title='bbox 1479 1666 1675 1717; x_wconf 82' lang='lat' dir='ltr'>adeoque</span> <span class='ocrx_word' id='word_1_178' title='bbox 1709 1666 1978 1704; x_wconf 84' lang='lat' dir='ltr'>orthodoxae</span> 
     </span>
     <span class='ocr_line' id='line_1_23' title="bbox 356 1730 1974 1780; baseline 0.001 -13"><span class='ocrx_word' id='word_1_179' title='bbox 356 1730 398 1767; x_wconf 90' lang='lat' dir='ltr'>et</span> <span class='ocrx_word' id='word_1_180' title='bbox 428 1741 635 1768; x_wconf 88' lang='lat' dir='ltr'>romanae</span> <span class='ocrx_word' id='word_1_181' title='bbox 664 1730 873 1769; x_wconf 87' lang='lat' dir='ltr'>ecclesiae</span> <span class='ocrx_word' id='word_1_182' title='bbox 903 1730 1095 1769; x_wconf 89' lang='lat' dir='ltr'>debitam</span> <span class='ocrx_word' id='word_1_183' title='bbox 1127 1730 1173 1769; x_wconf 89' lang='lat' dir='ltr'>in</span> <span class='ocrx_word' id='word_1_184' title='bbox 1203 1731 1411 1770; x_wconf 86' lang='lat' dir='ltr'>omnibus</span> <span class='ocrx_word' id='word_1_185' title='bbox 1431 1731 1726 1770; x_wconf 85' lang='lat' dir='ltr'>obedientiam</span> <span class='ocrx_word' id='word_1_186' title='bbox 1759 1730 1974 1780; x_wconf 88' lang='lat' dir='ltr'>promisit.</span> 
     </span>
     <span class='ocr_line' id='line_1_24' title="bbox 357 1793 1975 1845; baseline 0.001 -13"><span class='ocrx_word' id='word_1_187' title='bbox 357 1793 481 1842; x_wconf 83' lang='lat' dir='ltr'>Quod</span> <span class='ocrx_word' id='word_1_188' title='bbox 512 1806 565 1833; x_wconf 92' lang='lat' dir='ltr'>ne</span> <span class='ocrx_word' id='word_1_189' title='bbox 596 1795 752 1834; x_wconf 89' lang='lat' dir='ltr'>leuiter</span> <span class='ocrx_word' id='word_1_190' title='bbox 781 1797 857 1834; x_wconf 89' lang='lat' dir='ltr'>aut</span> <span class='ocrx_word' id='word_1_191' title='bbox 887 1795 1029 1834; x_wconf 84' lang='lat' dir='ltr'>fucate</span> <span class='ocrx_word' id='word_1_192' title='bbox 1062 1796 1312 1845; x_wconf 86' lang='lat' dir='ltr'>promittere</span> <span class='ocrx_word' id='word_1_193' title='bbox 1342 1796 1580 1845; x_wconf 88' lang='lat' dir='ltr'>uideretur,</span> <span class='ocrx_word' id='word_1_194' title='bbox 1603 1795 1749 1834; x_wconf 88' lang='lat' dir='ltr'>statim</span> <span class='ocrx_word' id='word_1_195' title='bbox 1778 1795 1902 1834; x_wconf 86' lang='lat' dir='ltr'>tlexis</span> <span class='ocrx_word' id='word_1_196' title='bbox 1932 1795 1975 1833; x_wconf 93' lang='lat' dir='ltr'>in</span> 
     </span>
     <span class='ocr_line' id='line_1_25' title="bbox 357 1860 1976 1910; baseline 0.001 -13"><span class='ocrx_word' id='word_1_197' title='bbox 357 1861 514 1897; x_wconf 86' lang='lat' dir='ltr'>terram</span> <span class='ocrx_word' id='word_1_198' title='bbox 564 1860 766 1907; x_wconf 60' lang='lat' dir='ltr'>genibus,</span> <span class='ocrx_word' id='word_1_199' title='bbox 805 1860 1065 1910; x_wconf 91' lang='lat' dir='ltr'>interposito</span> <span class='ocrx_word' id='word_1_200' title='bbox 1114 1860 1377 1903; x_wconf 77' lang='lat' dir='ltr'>iuramento,</span> <span class='ocrx_word' id='word_1_201' title='bbox 1423 1861 1665 1900; x_wconf 89' lang='lat' dir='ltr'>detestatus</span> <span class='ocrx_word' id='word_1_202' title='bbox 1712 1860 1976 1899; x_wconf 88' lang='lat' dir='ltr'>haereticam</span> 
     </span>
     <span class='ocr_line' id='line_1_26' title="bbox 356 1924 1977 1975; baseline 0.001 -13"><span class='ocrx_word' id='word_1_203' title='bbox 356 1924 599 1974; x_wconf 71' lang='lat' dir='ltr'>perfidiam.</span> <span class='ocrx_word' id='word_1_204' title='bbox 632 1924 808 1963; x_wconf 82' lang='lat' dir='ltr'>Christo</span> <span class='ocrx_word' id='word_1_205' title='bbox 839 1925 972 1964; x_wconf 89' lang='lat' dir='ltr'>inseri</span> <span class='ocrx_word' id='word_1_206' title='bbox 1004 1925 1189 1975; x_wconf 86' lang='lat' dir='ltr'>supplex</span> <span class='ocrx_word' id='word_1_207' title='bbox 1221 1925 1400 1975; x_wconf 90' lang='lat' dir='ltr'>petiuit:</span> <span class='ocrx_word' id='word_1_208' title='bbox 1434 1926 1550 1964; x_wconf 89' lang='lat' dir='ltr'>unde</span> <span class='ocrx_word' id='word_1_209' title='bbox 1583 1925 1796 1975; x_wconf 90' lang='lat' dir='ltr'>postridie</span> <span class='ocrx_word' id='word_1_210' title='bbox 1835 1937 1977 1964; x_wconf 85' lang='lat' dir='ltr'>reuer-</span> 
     </span>
     <span class='ocr_line' id='line_1_27' title="bbox 355 1989 1976 2040; baseline 0.001 -13"><span class='ocrx_word' id='word_1_211' title='bbox 355 2000 446 2037; x_wconf 87' lang='lat' dir='ltr'>sus,</span> <span class='ocrx_word' id='word_1_212' title='bbox 480 1989 590 2028; x_wconf 83' lang='lat' dir='ltr'>tacta</span> <span class='ocrx_word' id='word_1_213' title='bbox 622 1990 816 2039; x_wconf 77' lang='lat' dir='ltr'>generali</span> <span class='ocrx_word' id='word_1_214' title='bbox 848 2002 953 2028; x_wconf 86' lang='lat' dir='ltr'>suae</span> <span class='ocrx_word' id='word_1_215' title='bbox 985 1990 1102 2028; x_wconf 87' lang='lat' dir='ltr'>uitae</span> <span class='ocrx_word' id='word_1_216' title='bbox 1145 1990 1437 2033; x_wconf 81' lang='lat' dir='ltr'>confessione,</span> <span class='ocrx_word' id='word_1_217' title='bbox 1471 2002 1546 2040; x_wconf 89' lang='lat' dir='ltr'>per</span> <span class='ocrx_word' id='word_1_218' title='bbox 1578 1990 1655 2029; x_wconf 92' lang='lat' dir='ltr'>Dei</span> <span class='ocrx_word' id='word_1_219' title='bbox 1687 1990 1873 2040; x_wconf 79' lang='lat' dir='ltr'>gratiam</span> <span class='ocrx_word' id='word_1_220' title='bbox 1911 1992 1976 2028; x_wconf 87' lang='lat' dir='ltr'>est</span> 
     </span>
     <span class='ocr_line' id='line_1_28' title="bbox 354 2053 1972 2105; baseline 0.001 -14"><span class='ocrx_word' id='word_1_221' title='bbox 354 2053 563 2092; x_wconf 87' lang='lat' dir='ltr'>ecclesiae</span> <span class='ocrx_word' id='word_1_222' title='bbox 589 2054 833 2093; x_wconf 85' lang='lat' dir='ltr'>restitutus.</span> <span class='ocrx_word' id='word_1_223' title='bbox 859 2054 1096 2094; x_wconf 85' lang='lat' dir='ltr'>Confirmet</span> <span class='ocrx_word' id='word_1_224' title='bbox 1117 2055 1162 2093; x_wconf 90' lang='lat' dir='ltr'>in</span> <span class='ocrx_word' id='word_1_225' title='bbox 1183 2066 1234 2094; x_wconf 92' lang='lat' dir='ltr'>eo</span> <span class='ocrx_word' id='word_1_226' title='bbox 1255 2055 1472 2094; x_wconf 87' lang='lat' dir='ltr'>Dominus</span> <span class='ocrx_word' id='word_1_227' title='bbox 1493 2055 1609 2104; x_wconf 87' lang='lat' dir='ltr'>quod</span> <span class='ocrx_word' id='word_1_228' title='bbox 1632 2057 1838 2105; x_wconf 88' lang='lat' dir='ltr'>operatus</span> <span class='ocrx_word' id='word_1_229' title='bbox 1858 2056 1923 2093; x_wconf 90' lang='lat' dir='ltr'>est</span> <span class='ocrx_word' id='word_1_230' title='bbox 1946 2056 1972 2093; x_wconf 80' lang='lat'>1.</span> 
     </span>
    </p>

    <p class='ocr_par' dir='ltr' id='par_1_3' title="bbox 352 2118 1976 2685">
     <span class='ocr_line' id='line_1_29' title="bbox 433 2118 1976 2170; baseline 0.001 -14"><span class='ocrx_word' id='word_1_231' title='bbox 433 2118 470 2156; x_wconf 92' lang='lat'>5.</span> <span class='ocrx_word' id='word_1_232' title='bbox 505 2118 619 2157; x_wconf 48' lang='grc' dir='ltr'>ΒΑΜ·</span> <span class='ocrx_word' id='word_1_233' title='bbox 651 2119 700 2158; x_wconf 88' lang='lat' dir='ltr'>l).</span> <span class='ocrx_word' id='word_1_234' title='bbox 735 2119 1011 2169; x_wconf 87' lang='lat' dir='ltr'>praepositus</span> <span class='ocrx_word' id='word_1_235' title='bbox 1055 2120 1243 2159; x_wconf 88' lang='lat' dir='ltr'>fructum</span> <span class='ocrx_word' id='word_1_236' title='bbox 1286 2131 1416 2170; x_wconf 84' lang='lat' dir='ltr'>quem</span> <span class='ocrx_word' id='word_1_237' title='bbox 1461 2120 1600 2158; x_wconf 88' lang='lat' dir='ltr'>nostri</span> <span class='ocrx_word' id='word_1_238' title='bbox 1641 2120 1792 2158; x_wconf 86' lang='lat' dir='ltr'>Patres</span> <span class='ocrx_word' id='word_1_239' title='bbox 1826 2119 1871 2158; x_wconf 94' lang='lat' dir='ltr'>in</span> <span class='ocrx_word' id='word_1_240' title='bbox 1901 2131 1976 2157; x_wconf 90' lang='lat' dir='ltr'>au-</span> 
     </span>
     <span class='ocr_line' id='line_1_30' title="bbox 354 2183 1975 2235; baseline 0.001 -14"><span class='ocrx_word' id='word_1_241' title='bbox 354 2183 529 2222; x_wconf 87' lang='lat' dir='ltr'>diendis</span> <span class='ocrx_word' id='word_1_242' title='bbox 550 2184 907 2223; x_wconf 79' lang='lat' dir='ltr'>confessionibus</span> <span class='ocrx_word' id='word_1_243' title='bbox 927 2184 1158 2235; x_wconf 76' lang='lat' dir='ltr'>colligunt.</span> <span class='ocrx_word' id='word_1_244' title='bbox 1182 2184 1345 2223; x_wconf 90' lang='lat' dir='ltr'>sentire</span> <span class='ocrx_word' id='word_1_245' title='bbox 1376 2184 1566 2231; x_wconf 87' lang='lat' dir='ltr'>uidetur,</span> <span class='ocrx_word' id='word_1_246' title='bbox 1589 2196 1688 2223; x_wconf 82' lang='lat' dir='ltr'>cum</span> <span class='ocrx_word' id='word_1_247' title='bbox 1709 2196 1815 2223; x_wconf 91' lang='lat' dir='ltr'>suos</span> <span class='ocrx_word' id='word_1_248' title='bbox 1835 2196 1975 2223; x_wconf 89' lang='lat' dir='ltr'>sacer-</span> 
     </span>
     <span class='ocr_line' id='line_1_31' title="bbox 354 2247 1972 2299; baseline 0.002 -13"><span class='ocrx_word' id='word_1_249' title='bbox 354 2247 478 2286; x_wconf 87' lang='lat' dir='ltr'>dotes</span> <span class='ocrx_word' id='word_1_250' title='bbox 527 2250 776 2299; x_wconf 80' lang='lat' dir='ltr'>t‘requenter</span> <span class='ocrx_word' id='word_1_251' title='bbox 823 2249 909 2288; x_wconf 84' lang='lat' dir='ltr'>huc</span> <span class='ocrx_word' id='word_1_252' title='bbox 957 2249 1127 2288; x_wconf 89' lang='lat' dir='ltr'>mittere</span> <span class='ocrx_word' id='word_1_253' title='bbox 1171 2249 1323 2295; x_wconf 79' lang='lat' dir='ltr'>soleat,</span> <span class='ocrx_word' id='word_1_254' title='bbox 1370 2251 1416 2288; x_wconf 89' lang='lat' dir='ltr'>ut</span> <span class='ocrx_word' id='word_1_255' title='bbox 1460 2250 1624 2288; x_wconf 89' lang='lat' dir='ltr'>nostris</span> <span class='ocrx_word' id='word_1_256' title='bbox 1666 2249 1972 2290; x_wconf 79' lang='lat' dir='ltr'>confiteantur.</span> 
     </span>
     <span class='ocr_line' id='line_1_32' title="bbox 354 2313 1975 2363; baseline 0 -12"><span class='ocrx_word' id='word_1_257' title='bbox 354 2324 403 2351; x_wconf 87' lang='lat' dir='ltr'>ac</span> <span class='ocrx_word' id='word_1_258' title='bbox 435 2313 724 2352; x_wconf 88' lang='lat' dir='ltr'>Directorium</span> <span class='ocrx_word' id='word_1_259' title='bbox 761 2313 843 2353; x_wconf 63' lang='lat' dir='ltr'>afli</span> <span class='ocrx_word' id='word_1_260' title='bbox 876 2314 1019 2352; x_wconf 83' lang='lat' dir='ltr'>Patris</span> <span class='ocrx_word' id='word_1_261' title='bbox 1050 2314 1229 2353; x_wconf 87' lang='lat' dir='ltr'>Polanci</span> <span class='ocrx_word' id='word_1_262' title='bbox 1259 2315 1289 2360; x_wconf 72' lang='lat'>2,</span> <span class='ocrx_word' id='word_1_263' title='bbox 1321 2316 1362 2353; x_wconf 88' lang='lat' dir='ltr'>et</span> <span class='ocrx_word' id='word_1_264' title='bbox 1398 2314 1444 2352; x_wconf 73' lang='lat' dir='ltr'>R.</span> <span class='ocrx_word' id='word_1_265' title='bbox 1484 2314 1628 2352; x_wconf 87' lang='lat' dir='ltr'>Patris</span> <span class='ocrx_word' id='word_1_266' title='bbox 1667 2313 1830 2363; x_wconf 86' lang='lat' dir='ltr'>Canisij</span> <span class='ocrx_word' id='word_1_267' title='bbox 1863 2315 1975 2352; x_wconf 87' lang='lat' dir='ltr'>cate-</span> 
     </span>
     <span class='ocr_line' id='line_1_33' title="bbox 352 2377 1974 2429; baseline 0.001 -14"><span class='ocrx_word' id='word_1_268' title='bbox 352 2377 572 2416; x_wconf 85' lang='lat' dir='ltr'>chismum</span> <span class='ocrx_word' id='word_1_269' title='bbox 615 2381 776 2417; x_wconf 89' lang='lat' dir='ltr'>emant.</span> <span class='ocrx_word' id='word_1_270' title='bbox 811 2378 997 2417; x_wconf 79' lang='lat' dir='ltr'>Vocauit</span> <span class='ocrx_word' id='word_1_271' title='bbox 1040 2390 1179 2428; x_wconf 90' lang='lat' dir='ltr'>nuper</span> <span class='ocrx_word' id='word_1_272' title='bbox 1221 2378 1351 2418; x_wconf 88' lang='lat' dir='ltr'>etiam</span> <span class='ocrx_word' id='word_1_273' title='bbox 1399 2378 1469 2428; x_wconf 90' lang='lat' dir='ltr'>pia</span> <span class='ocrx_word' id='word_1_274' title='bbox 1513 2378 1729 2429; x_wconf 85' lang='lat' dir='ltr'>quaedam</span> <span class='ocrx_word' id='word_1_275' title='bbox 1775 2380 1974 2416; x_wconf 86' lang='lat' dir='ltr'>matrona</span> 
     </span>
     <span class='ocr_line' id='line_1_34' title="bbox 355 2442 1975 2484; baseline 0.001 -4"><span class='ocrx_word' id='word_1_276' title='bbox 355 2454 491 2481; x_wconf 88' lang='lat' dir='ltr'>unum</span> <span class='ocrx_word' id='word_1_277' title='bbox 522 2454 573 2481; x_wconf 82' lang='lat' dir='ltr'>ex</span> <span class='ocrx_word' id='word_1_278' title='bbox 605 2443 768 2482; x_wconf 91' lang='lat' dir='ltr'>nostris</span> <span class='ocrx_word' id='word_1_279' title='bbox 802 2443 1020 2484; x_wconf 83' lang='lat' dir='ltr'>Patribus.</span> <span class='ocrx_word' id='word_1_280' title='bbox 1055 2445 1102 2482; x_wconf 89' lang='lat' dir='ltr'>ut</span> <span class='ocrx_word' id='word_1_281' title='bbox 1132 2443 1354 2482; x_wconf 82' lang='lat' dir='ltr'>infirmum</span> <span class='ocrx_word' id='word_1_282' title='bbox 1387 2443 1618 2482; x_wconf 88' lang='lat' dir='ltr'>cuiusdam</span> <span class='ocrx_word' id='word_1_283' title='bbox 1662 2442 1885 2482; x_wconf 86' lang='lat' dir='ltr'>lutherani</span> <span class='ocrx_word' id='word_1_284' title='bbox 1915 2442 1975 2481; x_wconf 83' lang='lat' dir='ltr'>fa-</span> 
     </span>
     <span class='ocr_line' id='line_1_35' title="bbox 354 2507 1974 2558; baseline 0.001 -13"><span class='ocrx_word' id='word_1_285' title='bbox 354 2507 520 2546; x_wconf 88' lang='lat' dir='ltr'>mulum</span> <span class='ocrx_word' id='word_1_286' title='bbox 553 2507 831 2546; x_wconf 81' lang='lat' dir='ltr'>confitentem</span> <span class='ocrx_word' id='word_1_287' title='bbox 863 2507 1058 2555; x_wconf 66' lang='lat' dir='ltr'>audiret,</span> <span class='ocrx_word' id='word_1_288' title='bbox 1092 2508 1209 2558; x_wconf 83' lang='lat' dir='ltr'>quod</span> <span class='ocrx_word' id='word_1_289' title='bbox 1240 2508 1315 2547; x_wconf 90' lang='lat' dir='ltr'>ubi</span> <span class='ocrx_word' id='word_1_290' title='bbox 1348 2508 1509 2557; x_wconf 90' lang='lat' dir='ltr'>hospes</span> <span class='ocrx_word' id='word_1_291' title='bbox 1540 2507 1772 2551; x_wconf 67' lang='lat' dir='ltr'>intellexit„</span> <span class='ocrx_word' id='word_1_292' title='bbox 1804 2509 1974 2546; x_wconf 76' lang='lat' dir='ltr'>contes-</span> 
     </span>
     <span class='ocr_line' id='line_1_36' title="bbox 353 2571 1973 2617; baseline 0.001 -8"><span class='ocrx_word' id='word_1_293' title='bbox 353 2571 519 2610; x_wconf 87' lang='lat' dir='ltr'>sarium</span> <span class='ocrx_word' id='word_1_294' title='bbox 552 2571 695 2610; x_wconf 84' lang='lat' dir='ltr'>noluit</span> <span class='ocrx_word' id='word_1_295' title='bbox 724 2571 968 2617; x_wconf 76' lang='lat' dir='ltr'>admittere,</span> <span class='ocrx_word' id='word_1_296' title='bbox 992 2584 1045 2611; x_wconf 91' lang='lat' dir='ltr'>ne</span> <span class='ocrx_word' id='word_1_297' title='bbox 1065 2572 1160 2611; x_wconf 88' lang='lat' dir='ltr'>suis</span> <span class='ocrx_word' id='word_1_298' title='bbox 1191 2572 1235 2610; x_wconf 93' lang='lat' dir='ltr'>in</span> <span class='ocrx_word' id='word_1_299' title='bbox 1265 2572 1450 2611; x_wconf 88' lang='lat' dir='ltr'>aedibus</span> <span class='ocrx_word' id='word_1_300' title='bbox 1481 2572 1525 2610; x_wconf 89' lang='lat' dir='ltr'>in</span> <span class='ocrx_word' id='word_1_301' title='bbox 1551 2572 1784 2615; x_wconf 80' lang='lat' dir='ltr'>eiusmodi,</span> <span class='ocrx_word' id='word_1_302' title='bbox 1808 2571 1973 2610; x_wconf 88' lang='lat' dir='ltr'>scilicet</span> 
     </span>
     <span class='ocr_line' id='line_1_37' title="bbox 355 2636 1974 2685; baseline 0 -11"><span class='ocrx_word' id='word_1_303' title='bbox 355 2636 583 2685; x_wconf 76' lang='lat' dir='ltr'>papistica,</span> <span class='ocrx_word' id='word_1_304' title='bbox 616 2636 864 2675; x_wconf 86' lang='lat' dir='ltr'>consentire</span> <span class='ocrx_word' id='word_1_305' title='bbox 897 2636 1133 2676; x_wconf 87' lang='lat' dir='ltr'>uideretur.</span> <span class='ocrx_word' id='word_1_306' title='bbox 1168 2636 1329 2676; x_wconf 87' lang='lat' dir='ltr'>Uerum</span> <span class='ocrx_word' id='word_1_307' title='bbox 1374 2648 1473 2675; x_wconf 84' lang='lat' dir='ltr'>cum</span> <span class='ocrx_word' id='word_1_308' title='bbox 1518 2636 1721 2675; x_wconf 86' lang='lat' dir='ltr'>infirmus</span> <span class='ocrx_word' id='word_1_309' title='bbox 1750 2636 1974 2675; x_wconf 88' lang='lat' dir='ltr'>nihilomi-</span> 
     </span>
    </p>
   </div>
   <div class='ocr_carea' id='block_1_3' title="bbox 352 2789 1974 3059">
    <p class='ocr_par' dir='ltr' id='par_1_4' title="bbox 413 2789 835 2829">
     <span class='ocr_line' id='line_1_38' title="bbox 413 2789 835 2829; baseline 0 -9"><span class='ocrx_word' id='word_1_310' title='bbox 413 2797 431 2815; x_wconf 82' lang='lat' dir='ltr'>a</span> <span class='ocrx_word' id='word_1_311' title='bbox 452 2789 561 2820; x_wconf 84' lang='lat' dir='ltr'>annis</span> <span class='ocrx_word' id='word_1_312' title='bbox 586 2798 712 2829; x_wconf 74' lang='lat' dir='ltr'>snpra</span> <span class='ocrx_word' id='word_1_313' title='bbox 736 2798 835 2821; x_wconf 68' lang='lat' dir='ltr'>ret-s.</span> 
     </span>
    </p>

    <p class='ocr_par' dir='ltr' id='par_1_5' title="bbox 414 2912 824 2947">
     <span class='ocr_line' id='line_1_39' title="bbox 414 2912 824 2947; baseline 0 -3"><span class='ocrx_word' id='word_1_314' title='bbox 414 2915 424 2931; x_wconf 88' lang='lat'>¹</span> <span class='ocrx_word' id='word_1_315' title='bbox 448 2912 500 2944; x_wconf 89' lang='lat' dir='ltr'>Cf.</span> <span class='ocrx_word' id='word_1_316' title='bbox 526 2912 584 2945; x_wconf 83' lang='lat' dir='ltr'>Ps.</span> <span class='ocrx_word' id='word_1_317' title='bbox 611 2912 748 2947; x_wconf 82' lang='lat' dir='ltr'>LXVII.</span> <span class='ocrx_word' id='word_1_318' title='bbox 774 2913 824 2944; x_wconf 67' lang='lat'>29.</span> 
     </span>
    </p>

    <p class='ocr_par' dir='ltr' id='par_1_6' title="bbox 352 2965 1974 3059">
     <span class='ocr_line' id='line_1_40' title="bbox 413 2965 1974 3006; baseline 0 -10"><span class='ocrx_word' id='word_1_319' title='bbox 413 2969 425 2984; x_wconf 65' lang='lat'>‘³</span> <span class='ocrx_word' id='word_1_320' title='bbox 453 2965 573 2997; x_wconf 77' lang='lat' dir='ltr'>Breve</span> <span class='ocrx_word' id='word_1_321' title='bbox 598 2965 864 2997; x_wconf 34' lang='lat' dir='ltr'>Dz&#39;rectofrium</span> <span class='ocrx_word' id='word_1_322' title='bbox 889 2966 942 2997; x_wconf 73' lang='lat' dir='ltr'>acl</span> <span class='ocrx_word' id='word_1_323' title='bbox 965 2966 1204 3006; x_wconf 64' lang='lat' dir='ltr'>confessarii</span> <span class='ocrx_word' id='word_1_324' title='bbox 1226 2975 1272 2997; x_wconf 77' lang='lat' dir='ltr'>ae</span> <span class='ocrx_word' id='word_1_325' title='bbox 1296 2966 1513 3006; x_wconf 67' lang='lat' dir='ltr'>confitentis·</span> <span class='ocrx_word' id='word_1_326' title='bbox 1546 2976 1691 2997; x_wconf 76' lang='lat' dir='ltr'>mmm-s-</span> <span class='ocrx_word' id='word_1_327' title='bbox 1717 2967 1813 2997; x_wconf 78' lang='lat' dir='ltr'>recte</span> <span class='ocrx_word' id='word_1_328' title='bbox 1836 2966 1974 2997; x_wconf 66' lang='lat' dir='ltr'>obem}-</span> 
     </span>
     <span class='ocr_line' id='line_1_41' title="bbox 352 3018 1014 3059; baseline 0 -10"><span class='ocrx_word' id='word_1_329' title='bbox 352 3019 458 3050; x_wconf 79' lang='lat' dir='ltr'>dmn.</span> <span class='ocrx_word' id='word_1_330' title='bbox 485 3018 623 3050; x_wconf 87' lang='lat' dir='ltr'>Romae</span> <span class='ocrx_word' id='word_1_331' title='bbox 650 3019 728 3049; x_wconf 72' lang='lat'>1554</span> <span class='ocrx_word' id='word_1_332' title='bbox 751 3028 828 3059; x_wconf 81' lang='lat' dir='ltr'>sqq.</span> <span class='ocrx_word' id='word_1_333' title='bbox 854 3020 889 3050; x_wconf 89' lang='lat' dir='ltr'>et</span> <span class='ocrx_word' id='word_1_334' title='bbox 913 3018 1014 3050; x_wconf 83' lang='lat' dir='ltr'>alibi.</span> 
     </span>
    </p>
   </div>
  </div>
 </body>
</html>
