2099 3516
433 255 502 291 0258
900 255 1105 291 LITTERAE
1138 254 1484 300 QUADRIMESTRES

385 384 537 413 earum
566 373 843 424 experiamur
874 371 1102 420 beneficia;
1134 374 1176 412 et
1203 373 1354 412 crebro
1383 372 1561 423 quidem
1590 372 1645 411 ad
1687 383 1769 411 nos
1802 371 1998 419 mittunt,

386 437 462 488 qui
491 437 719 487 explorent
747 449 853 476 num
884 448 928 476 re
957 436 1107 487 aliqua
1136 437 1265 476 nobis
1294 448 1406 487 opus
1435 436 1506 476 sit.
1553 436 1725 475 Accidit
1767 447 1920 486 nuper,
1952 437 2002 475 ut

386 513 486 541 cum
529 502 708 541 domina
738 502 936 551 Fuggera
978 503 1227 551 augustana
1270 503 1298 550 1,
1343 500 1622 540 sanctissima
1666 502 1708 540 et
1753 500 2000 539 clarissima

387 568 601 614 matrona,
624 568 755 616 atque
775 565 940 616 optime
959 566 1012 605 de
1041 565 1171 605 nobis
1200 565 1370 612 merita,
1392 577 1505 616 quae
1533 565 1768 615 collegium
1799 566 2000 604 nostrum

387 630 540 670 uisura
568 633 824 677 accesserat,
855 630 1060 669 adessent
1079 630 1192 669 aliae
1212 630 1408 669 illustres
1429 632 1655 669 matronae
1674 641 1726 668 ex
1752 629 2001 680 principum

386 695 707 746 praedictarum
737 695 868 742 aulis,
900 706 1012 746 quae
1042 695 1252 734 rimantes
1281 694 1516 745 diligenter
1544 694 1736 745 singula,
1780 705 1893 745 quae
1930 693 2000 732 de-

385 762 530 799 essent
560 759 694 807 domi,
726 759 855 798 nobis
885 759 1039 810 insciJ's
1069 759 1244 810 utrique
1273 758 1462 809 principi
1492 758 1642 797 omnia
1676 760 1998 809 exposuerunt;

385 826 430 863 at
459 824 561 863 illae
590 836 680 863 non
710 824 771 862 ita
800 824 939 863 multo
968 826 1069 874 post
1097 824 1338 863 liberaliter
1372 825 1547 862 nostrae
1590 823 1706 862 ultro
1749 833 2002 862 succurrere

386 888 574 939 inopiae.
608 889 743 927 Mater
772 888 907 927 uidua
938 890 1028 927 tota
1057 891 1122 928 est
1150 889 1197 928 in
1229 888 1504 939 praestandis
1533 887 1860 927 misericordiae
1902 898 2002 937 ope-

385 953 523 1000 ribus,
555 964 689 1003 quam
718 964 858 1003 usque
887 952 995 992 adeo
1025 955 1249 992 reueretur
1268 954 1308 992 et
1329 953 1536 991 obseruat
1564 952 1684 991 filius
1713 951 1851 991 illust.
1884 951 2001 1002 prin-

384 1029 485 1068 ceps
515 1019 677 1064 noster,
711 1019 757 1057 ut
786 1029 886 1057 eum
915 1029 1142 1068 nunquam
1174 1017 1261 1056 nisi
1291 1019 1441 1067 aperto
1470 1016 1612 1067 capite
1654 1016 1775 1055 illam
1813 1015 2001 1055 uiderim

384 1082 567 1133 alloqui,
599 1084 641 1121 et
669 1082 804 1122 huius
833 1081 1047 1124 instinctu
1078 1082 1216 1121 multa
1245 1081 1291 1120 in
1320 1092 1597 1120 communem
1629 1080 1848 1120 Ecclesiae
1883 1080 2002 1119 utili-

385 1149 517 1186 tatem
547 1158 572 1185 a
601 1147 693 1186 filio
723 1147 849 1191 fiunt,
880 1148 1110 1197 propterea
1138 1146 1256 1197 quod
1285 1148 1327 1185 et
1355 1145 1656 1185 sincerissima
1685 1147 1724 1184 et
1752 1145 2000 1195 prudentis-

384 1212 497 1251 sima
526 1212 584 1251 sit
612 1212 782 1263 uirago.

462 1277 500 1315 8.
534 1276 949 1316 Reuerendissimus
978 1275 1259 1326 frisingensis
1287 1277 1317 1319 ²,
1349 1275 1425 1326 qui
1455 1275 1590 1315 huius
1619 1277 1685 1314 est
1713 1275 1798 1314 loci
1827 1275 2002 1314 ordina-

384 1342 492 1389 rius,
524 1342 795 1393 singularem
843 1354 983 1393 nuper
1029 1341 1098 1381 sui
1145 1353 1248 1392 erga
1290 1353 1372 1380 nos
1413 1341 1592 1388 amoris,
1629 1342 1799 1391 praeter
1826 1351 2001 1379 omnem

384 1406 513 1445 etiam
545 1406 890 1457 expectationem
920 1408 1131 1455 nostram,
1163 1406 1283 1445 dedit
1311 1405 1695 1456 significationem.
1744 1403 1853 1444 Cum
1882 1404 2001 1443 enim

384 1471 632 1521 Frisingam
663 1471 713 1510 D.
746 1470 955 1510 Nicolaus
988 1471 1198 1517 Lanoius,
1230 1469 1402 1520 collegij
1437 1469 1801 1521 ingolstadiensis
1844 1470 1998 1515 rector,

384 1536 605 1587 profectus
633 1538 762 1583 esset,
794 1538 843 1575 ut
872 1538 1047 1575 nostros
1076 1535 1402 1575 commendaret
1430 1535 1485 1574 ad
1506 1546 1655 1574 sacros
1675 1534 1853 1573 ordines
1873 1533 2001 1572 statis

383 1601 656 1651 temporibus
685 1601 1026 1651 promouendos,
1059 1600 1456 1640 reuerendissimus
1503 1599 1678 1650 aliquos
1724 1610 1777 1638 ex
1819 1597 1998 1645 nostris,

383 1677 626 1716 numquam
657 1666 766 1704 forte
804 1665 850 1704 in
897 1677 947 1704 eo
995 1665 1090 1704 loco
1137 1667 1265 1704 antea
1312 1664 1449 1711 uisos,
1498 1664 1651 1703 adesse
1680 1663 1948 1714 intelligens,
1979 1674 2002 1702 e

383 1730 572 1781 uestigio
602 1730 881 1770 nobilissima
911 1742 1110 1781 quaeque
1140 1730 1261 1776 uina,
1292 1732 1335 1769 et
1364 1729 1488 1769 uaria
1518 1729 1717 1769 ciborum
1756 1740 1916 1779 genera
1945 1728 2000 1767 ad

383 1795 642 1846 hospitium,
674 1795 750 1835 ubi
794 1796 934 1835 nostri
977 1796 1181 1846 agebant,
1227 1795 1386 1834 deferri
1431 1794 1567 1840 iubet,
1613 1796 1655 1833 et
1697 1805 1778 1833 suo
1822 1793 2001 1832 nomine

383 1860 547 1899 nostris
576 1860 653 1899 illa
692 1860 862 1899 offerri:
913 1872 991 1899 nec
1039 1860 1109 1899 his
1156 1861 1406 1907 contentus,
1439 1860 1493 1898 ad
1524 1870 1704 1898 coenam
1735 1858 1867 1897 etiam
1898 1857 2001 1897 illos

383 1925 547 1973 uocari,
570 1928 612 1964 et
633 1937 809 1965 mensae
839 1937 945 1964 suae
975 1925 1096 1964 iubet
1116 1925 1330 1964 assidere:
1360 1924 1469 1974 quin
1490 1923 1621 1963 etiam
1644 1925 1742 1974 post
1763 1922 2000 1962 familiaria

382 1991 603 2041 colloquia
633 1990 810 2041 proprio
839 2002 971 2030 curru
1000 2002 1082 2030 suo
1112 1990 1391 2029 Monachium
1423 2001 1498 2028 eos
1520 1988 1731 2039 postridie
1752 1987 1855 2028 uehi
1879 1999 2001 2027 man-

382 2055 471 2101 dat,
502 2057 544 2094 et
574 2055 762 2106 benigne
792 2057 1043 2094 nostrorum
1074 2054 1275 2105 petitioni
1297 2054 1469 2101 annuit,
1493 2054 1689 2104 adeoque
1710 2053 1837 2104 plura
1866 2064 1999 2104 quam

381 2120 671 2170 postularent,
703 2120 877 2161 obtulit.
910 2119 1285 2159 Reuerendissimi
1328 2119 1533 2159 similiter
1574 2118 1670 2158 eius
1712 2117 1997 2169 suffraganei,

381 2197 461 2224 nec
489 2197 579 2224 non
608 2185 805 2224 eiusdem
836 2185 985 2236 vicarij
1020 2185 1416 2236 propensissimum
1437 2185 1481 2223 in
1504 2196 1587 2224 nos
1607 2183 1804 2223 animum
1832 2182 1998 2233 experti

381 2261 549 2289 sumus.
582 2250 880 2290 Plurimorum
910 2250 1099 2290 aliorum
1130 2252 1172 2289 et
1200 2249 1549 2289 clarissimorum
1592 2249 1790 2288 uirorum
1826 2247 2000 2287 animos

380 2315 596 2354 habemus
626 2315 755 2353 nobis
784 2315 1158 2362 deuinctissimos,
1182 2314 1335 2365 populi
1358 2314 1490 2354 etiam
1521 2315 1672 2353 tantus
1700 2325 1803 2363 erga
1833 2324 1914 2352 nos
1934 2314 2000 2351 est

380 2390 518 2425 amor,
550 2381 591 2418 et
620 2379 673 2418 de
702 2379 832 2418 nobis
861 2379 1143 2427 existimatio,
1176 2381 1223 2418 ut
1257 2390 1478 2429 nusquam
1521 2378 1734 2417 libentius
1776 2389 1906 2428 quam
1952 2376 1998 2415 in

381 2444 544 2494 templo
574 2446 725 2483 nostro
759 2456 932 2484 sacrum
972 2446 1183 2495 peragant
1229 2444 1413 2491 cultum,
1463 2445 1505 2482 et
1551 2455 1657 2482 suae
1704 2441 1999 2482 conscientiae

380 2509 633 2547 consultum
672 2508 824 2550 uelint.
875 2509 1206 2548 Persecutiones
1254 2508 1428 2548 interim
1476 2519 1565 2547 non
1612 2508 1785 2547 desunt.
1832 2507 2000 2546 Rumor

380 2572 498 2612 enim
528 2573 769 2624 aliquando
798 2573 1004 2624 publicus
1034 2573 1114 2612 fuit
1142 2575 1239 2624 post
1259 2573 1455 2613 triduum
1477 2571 1734 2612 IESVITAS
1756 2571 1856 2619 (hoc
1880 2571 1998 2610 enim

380 2636 558 2675 nomine
589 2648 670 2676 nos
698 2636 942 2687 appellant)
973 2637 1205 2676 Monachio
1235 2637 1497 2687 exigendos:
1530 2637 1709 2676 fuerunt
1732 2637 1773 2675 et
1793 2647 1845 2674 ex
1865 2635 1998 2674 eccle-

380 2700 572 2740 siasticis
601 2701 677 2752 qui
709 2713 786 2752 pro
815 2701 1026 2740 concione
1068 2701 1234 2740 nostris
1280 2702 1583 2752 obstreperent
1626 2700 1765 2740 sacris
1808 2699 1992 2750 studiis,

380 2765 478 2804 ausi
508 2768 612 2805 sunt
641 2768 682 2805 et
711 2777 881 2805 sacram
910 2766 1125 2816 denegare
1154 2766 1373 2816 synaxim,
1405 2765 1481 2816 qui
1512 2765 1678 2805 nostris
1721 2766 1869 2804 essent
1897 2775 1998 2803 con-

443 2926 453 2942 ¹
476 2924 642 2965 Fuggera
679 2924 769 2956 haec
805 2924 953 2956 videtur
987 2924 1104 2956 fuisse
1140 2924 1275 2956 Ursula
1309 2925 1353 2956 de
1376 2924 1642 2963 Lichtenstein‚
1668 2923 1815 2964 Georgii
1839 2922 1997 2963 Fuggeri

379 2987 483 3009 uxor.
509 2976 559 3010 Cf.
586 2977 895 3009 BRAUNSBERGER:
924 2977 963 3010 B.
988 2977 1099 3010 Petri
1125 2978 1282 3010 Ccmisii
1304 2977 1428 3019 Epist.
1453 2977 1515 3017 III,
1539 2978 1612 3010 691.

441 3032 453 3050 2
475 3029 676 3062 Mauricius
699 3039 721 3062 a
743 3029 938 3063 Sandizell.
