2099 3516
378 232 448 268 494
847 231 1052 268 er'rERAE
1079 230 1423 275 QUADmMEs'rREs

332 350 419 389 dici
439 350 565 397 solet,
588 349 738 390 fractis
766 349 1014 389 ceruicibus
1044 347 1311 388 retrocedere
1333 346 1462 397 (quae
1490 345 1645 384 diuina
1669 347 1735 385 est
1754 344 1945 395 bonitas)

332 417 515 466 cogatur
542 415 754 466 antiquus
782 414 966 454 humani
996 412 1169 464 generis
1200 411 1352 451 hostis.
1384 410 1504 449 Idem
1533 410 1617 449 hoc
1646 409 1855 460 temporis
1884 408 1948 448 in-

332 479 651 527 fenssissimus,
683 479 721 518 si
750 490 943 530 vnquam
991 479 1107 524 ante,
1156 488 1261 515 sane
1304 474 1434 514 nobis
1462 482 1481 500 a
1515 476 1646 525 atque
1688 472 1948 512 molestissi-

333 556 446 584 mus.
474 543 710 584 Continent
738 555 820 583 nos
848 555 1001 583 omnes
1030 542 1077 581 in
1107 542 1198 581 acie
1228 540 1245 566 b
1276 541 1357 579 hac
1386 541 1578 587 strenue,
1600 538 1691 578 Deo
1712 538 1770 577 sit
1790 538 1946 584 honor,

333 609 491 648 Rector
515 611 665 648 noster
693 611 722 656 1,
753 611 884 659 atque
914 607 1122 658 magister
1151 604 1382 645 Cornelius
1410 605 1440 651 ⁶²,
1473 603 1610 643 totius
1639 602 1810 653 collegij
1843 613 1947 641 con-

333 673 544 713 fessarius
574 673 669 724 (qui
711 673 799 713 duo
842 672 925 711 soli
968 671 1085 722 apud
1124 682 1205 709 nos
1234 671 1339 708 sunt
1368 668 1569 718 professi)
1600 669 1642 707 et
1671 679 1747 706 sex
1776 666 1849 717 alij
1883 677 1950 705 sa-

332 738 529 777 cerdotes
558 738 750 785 Domini,
777 749 965 788 quorum
998 748 1109 775 vnus
1140 735 1337 773 Adamus
1367 733 1530 780 Heller,
1555 732 1683 771 modo
1713 731 1950 771 vicerector

333 802 524 853 collegij,
556 803 775 853 primitias
804 814 909 841 suas
937 802 1028 840 Deo
1057 800 1155 851 Opt.
1189 800 1300 838 Max.
1334 798 1380 837 in
1410 797 1519 848 ipsis
1549 797 1828 836 Pentecostes
1866 796 1948 834 fes-

333 867 586 906 tiuitatibus
614 867 684 917 pie
713 867 888 906 obtulit.
921 866 994 917 Hij
1028 864 1120 917 [sic]
1153 864 1301 914 itaque
1330 874 1484 902 omnes
1514 861 1717 912 precibus
1746 863 1788 900 et
1818 859 1950 899 sacri-

333 931 460 982 fioijs,
484 933 631 979 verbo,
653 932 940 982 exemploque
970 929 1188 980 imprimis
1218 928 1469 978 inculpatae
1499 927 1628 975 vitae,
1652 937 1702 965 ac
1731 923 1949 976 singulari

333 997 524 1047 quadam
567 996 787 1036 industria
816 996 875 1045 id,
907 1008 983 1046 per
1012 994 1089 1034 Dei
1134 993 1390 1041 bonitatem,
1428 991 1636 1040 efficiunt,
1678 993 1724 1029 vt
1751 992 1794 1029 et
1821 989 1950 1029 cada-

335 1073 434 1100 mus
476 1061 634 1107 rarius,
666 1063 708 1100 et
736 1072 972 1111 surgamus
1014 1060 1146 1099 citius
1180 1060 1311 1108 atque
1341 1056 1600 1102 feruentius,
1632 1057 1674 1094 et
1702 1065 1951 1106 pugnemus

334 1125 560 1171 libentius,
592 1128 634 1165 et
662 1127 829 1165 stemus
871 1124 1060 1171 cautius,
1092 1125 1133 1162 01
1163 1122 1394 1161 vincamus
1432 1120 1685 1160 iucundius.
1718 1119 1950 1158 Poeniten-

334 1190 419 1229 tias
441 1189 714 1229 voluntarias
735 1190 874 1229 multo
895 1188 1213 1239 frequentiores
1243 1197 1337 1225 0550
1367 1185 1551 1224 dixerim
1578 1184 1688 1235 ipsis
1713 1183 1947 1234 impositis.

336 1255 545 1305 Augescit
587 1255 633 1293 in
675 1255 769 1293 dies
813 1254 954 1304 magis
997 1252 1225 1303 magisque
1268 1250 1553 1289 obseruantia
1599 1260 1702 1300 erga
1746 1248 1948 1294 maiores,

334 1322 488 1359 mutua
529 1319 737 1366 charitas,
769 1319 964 1358 studium
1009 1316 1388 1357 obseruandarum
1426 1315 1573 1365 legum
1605 1316 1877 1359 nostrarum;
1910 1314 1952 1351 et

334 1386 383 1423 ut
425 1384 559 1423 semel
602 1383 684 1422 1100
726 1383 927 1429 dixerim,
960 1383 1019 1421 ita
1049 1381 1261 1421 charitate
1304 1382 1435 1430 atque
1479 1379 1672 1418 fraterno
1714 1389 1862 1417 amore
1905 1377 1951 1415 in

335 1448 463 1489 Chro.
496 1449 623 1487 Ihesu
669 1450 872 1487 aestuant
915 1446 1137 1489 nonnulli,
1174 1448 1221 1484 ut
1263 1444 1553 1495 castigatione
1600 1443 1796 1493 corporis
1837 1442 1951 1480 vltro

334 1516 553 1564 suscepta,
590 1513 732 1564 plagis
774 1513 859 1551 51111
903 1512 1013 1563 ipsis
1057 1510 1291 1561 impositis,
1332 1511 1456 1548 tanta
1484 1508 1733 1548 constantia
1762 1507 1951 1546 aliorum

334 1580 511 1629 peccata
540 1578 711 1625 deflere,
743 1589 982 1627 eorumque
1012 1579 1257 1615 restaurare
1287 1575 1439 1625 lapsus
1480 1574 1551 1624 pia
1593 1573 1792 1613 oratione
1834 1572 1949 1623 apud

335 1643 572 1682 Dominum
616 1630 905 1690 contendant,
931 1644 1096 1692 quanta
1141 1641 1215 1680 uix
1245 1640 1354 1679 forte
1384 1652 1408 1678 a
1442 1639 1592 1678 multis
1634 1638 1751 1678 credi
1794 1637 1948 1689 possit.

336 1708 548 1757 Equidem
580 1720 668 1746 000
698 1707 853 1746 (11111110
883 1707 1097 1757 quosdam
1122 1718 1144 1745 e
1166 1705 1330 1744 nostrZs
1360 1705 1468 1743 illud
1501 1703 1702 1754 attigisse
1727 1702 1953 1753 perfectio-

336 1773 406 1812 nis
450 1773 691 1821 fastigium,
724 1774 772 1811 ut
810 1772 941 1811 etiam
985 1772 1219 1810 anathema
1250 1770 1342 1809 fieri
1373 1783 1398 1808 a
1428 1769 1603 1809 Christo
1634 1780 1711 1819 pro
1742 1767 1952 1823 fratribus

335 1838 430 1876 suis
471 1837 651 1888 cupiant
682 1838 710 1877 3.
744 1837 1052 1876 Exaudiuntur
1095 1838 1237 1875 autem
1284 1846 1499 1885 pauperes
1543 1833 1706 1873 Christi
1745 1843 1951 1872 nonnun-

336 1913 492 1952 quam;
538 1904 749 1951 tantoque
791 1901 963 1940 feruore
1006 1901 1103 1940 istis
1146 1900 1327 1951 auxilijs
1370 1900 1424 1939 ad
1468 1911 1542 1938 cor
1576 1897 1782 1937 nonnulli
1812 1896 1953 1936 redire

335 1966 556 2015 videntur,
579 1969 626 2006 ut
657 1967 776 2017 pium
808 1966 1013 2016 quemuis
1043 1966 1282 2009 hominem,
1305 1976 1409 2015 prae
1435 1963 1572 2002 nimio
1594 1963 1771 2014 gaudio,
1794 1962 1952 2001 horum

334 2032 648 2071 conuersiones
690 2031 746 2070 ad
775 2031 1012 2070 Dominum
1056 2031 1232 2082 adigere
1275 2030 1329 2069 ad
1373 2029 1621 2080 lachrymas
1652 2027 1836 2079 possint.
1869 2026 1953 2066 Sed

335 2096 387 2135 de
417 2096 488 2135 his
517 2097 658 2147 plura,
690 2107 780 2135 non
809 2095 980 2142 dubito,
1012 2095 1232 2141 daremus,
1264 2094 1351 2133 nisi
1396 2094 1661 2144 frequentes,
1693 2093 1749 2132 ob
1791 2093 1952 2131 rectam

335 2160 470 2200 huius
499 2160 689 2211 collegij,
721 2162 762 2200 et
790 2160 995 2206 aliorum,
1028 2159 1368 2205 institutionem,
1404 2158 1713 2198 distractiones
1742 2165 1757 2183 (τ
1802 2167 1954 2208 perne-

336 2225 551 2265 cessariae
594 2226 836 2271 Rectorem,
876 2227 1149 2275 (nostrosque
1191 2224 1303 2263 alios
1351 2224 1518 2271 Patres,
1562 2222 1690 2274 quasi
1734 2221 1884 2261 furtim
1928 2233 1953 2260 a

337 2291 466 2329 nohis
495 2302 624 2341 saepe
653 2290 933 2329 abducerent.

415 2356 453 2394 3.
486 2354 608 2394 Missi
638 2357 743 2394 sunt
770 2356 960 2405 quatuor
989 2354 1059 2392 his
1089 2354 1317 2393 mensibus
1356 2353 1460 2392 hinc
1501 2353 1605 2401 alio,
1637 2352 1846 2403 magister
1875 2350 1953 2391 Ca-

336 2420 457 2459 rolus
487 2419 624 2467 Grim,
655 2419 822 2466 dextra,
848 2420 893 2458 ut
913 2418 975 2457 ita
1003 2418 1161 2465 dicam,
1194 2418 1374 2458 rectoris
1405 2418 1544 2457 nostri
1576 2428 1734 2456 manus
1763 2416 1798 2461 d,
1826 2415 1953 2456 Oeni-

336 2486 543 2534 pontum;
576 2486 625 2523 ut
653 2482 745 2522 illic
774 2483 916 2534 primo
946 2495 1122 2533 quoque
1152 2486 1344 2534 tempore
1384 2483 1528 2522 locum
1559 2485 1601 2522 et
1630 2479 1954 2533 suppellectilia

398 2679 416 2698 a
436 2671 542 2703 nobis
565 2680 691 2712 ,ςιιμνα
713 2679 814 2702 vers,
838 2689 877 2693 —
901 2670 919 2696 b
940 2671 1041 2702 aciae
1066 2680 1134 2703 ms.
1160 2690 1198 2693 —
1221 2679 1236 2698 c
1256 2671 1380 2703 Prius
1407 2671 1702 2703 distractionem.
1720 2689 1759 2692 —
1782 2669 1800 2696 d
1821 2678 1953 2701 manus

335 2732 462 2764 supra
487 2732 586 2756 vers.

401 2896 407 2911 ¹
434 2893 470 2925 P.
496 2893 652 2925 Ioannes
676 2893 720 2925 de
742 2892 918 2924 Victoria.

399 2947 410 2964 2
433 2945 470 2978 P.
496 2945 687 2977 Cornelius
710 2945 966 2986 Broghelman.

399 3000 410 3017 ³
434 2998 485 3030 Ct.
511 2998 605 3030 Rom.
632 2997 691 3037 IX,
716 2998 746 3029 3.
