2099 3516
370 279 437 313 0202
841 277 1045 313 er'ruRAi:
1080 277 1423 322 QUADRIMESTRES

428 399 690 436 Adhortatio
722 398 778 436 ad
808 398 970 436 Patres
995 398 1302 435 Cartusiaiios.
1339 397 1490 434 Oratio
1516 396 1566 433 de
1598 396 1805 434 laudibus
1835 396 1939 434 Divi

434 464 619 501 Tleomae
648 463 890 511 Aquinatis
923 464 971 500 iu
1005 463 1109 499 uoci
1146 462 1459 500 universitatis
1497 461 1683 498 rectoris
1720 461 1936 499 electione.

428 550 477 554 —-
518 532 560 565 4.
602 528 796 566 Fructus
844 540 896 566 eac
944 526 1242 576 paenitentiae
1288 526 1566 564 sacramento
1608 525 1848 574 perceptus.
1890 547 1937 551 -

430 597 470 630 5.
502 593 840 641 Archiepiscopi,
882 592 1158 640 suffraganei
1186 591 1226 628 et
1260 590 1457 628 aliorum
1496 601 1602 639 erga
1640 591 1781 628 socios
1819 590 1938 628 bene-

435 658 637 695 uoleutia.

405 791 439 828 l.
473 791 501 839 ἦ
533 790 622 828 Pax
653 789 833 829 Christi.
868 788 952 839 [Ex
987 789 1257 827 oboedientia
1277 789 1441 835 scribit,
1466 800 1578 837 quae
1608 789 1801 836 qiiatuor
1820 799 1940 825 meu-

325 856 448 893 sibus
490 857 538 893 iu
582 856 763 904 collegio
813 854 1082 892 acciderunt.
1116 876 1131 881 —
1162 853 1426 892 Studiorum
1474 853 1781 901 inaugmatio.
1837 852 1941 890 Vide

318 932 423 970 pay.
459 919 660 969 loll-1651.
704 917 899 956 Recitata
943 917 1075 956 etiam
1109 919 1214 956 sunt
1242 916 1440 956 carmina
1481 916 1534 955 de
1563 916 1713 955 eadem
1760 915 1940 954 materia

325 995 401 1034 per
429 983 649 1034 quendam
679 995 730 1021 ex
761 982 924 1021 illustri
964 981 1133 1020 familia
1172 981 1509 1024 adolescentem,
1551 980 1714 1031 quibus
1753 980 1939 1019 multum

326 1048 505 1087 recreati
536 1050 577 1086 et
608 1048 652 1086 in
685 1058 887 1097 magnam
920 1058 1040 1096 spem
1072 1045 1248 1085 excitati
1281 1045 1476 1084 Vniuersi
1507 1045 1699 1091 fuerunt,
1735 1044 1942 1095 quemad-

325 1114 503 1152 modum
534 1124 585 1151 ex
616 1112 857 1151 multorum
900 1111 1181 1150 sermonibus
1222 1111 1423 1150 auditum
1467 1111 1581 1149 est...
1629 1109 1709 1148 His
1748 1109 1808 1148 ita
1842 1120 1941 1148 cum

326 1178 462 1217 totius
491 1177 687 1216 ciuitatis
717 1176 857 1215 letitia
888 1176 1090 1226 peractis,
1136 1177 1386 1214 nostrarum
1431 1175 1689 1213 facultatum
1733 1174 1943 1213 lectiones

327 1242 501 1293 publice
530 1250 546 1267 ὃ
577 1241 768 1292 profiteri
804 1241 1030 1290 coepimus
1062 1241 1110 1279 10
1140 1240 1382 1290 Februarij.
1416 1239 1460 1278 in
1490 1239 1653 1290 quibus
1691 1239 1943 1278 auditorum

326 1307 615 1357 frequentiam
648 1308 690 1345 et
719 1305 1025 1344 assiduitatem
1056 1316 1212 1344 sumus
1241 1304 1403 1351 mirati,
1436 1304 1625 1343 maxime
1652 1305 1825 1354 propter
1854 1303 1943 1341 hie-

327 1372 410 1410 mis
431 1371 727 1421 asperitatem,
751 1382 863 1421 quae
884 1370 1097 1409 studiosis
1119 1369 1298 1408 inimica
1328 1380 1422 1408 esse
1451 1369 1576 1408 solet.
1607 1367 1716 1407 Nam
1747 1368 1793 1406 in
1823 1368 1942 1406 theo-

327 1436 484 1487 logicis
506 1435 875 1475 lectionibus.vix
907 1446 1099 1485 vnquam
1121 1435 1282 1473 absens
1303 1434 1385 1473 fuit
1416 1434 1465 1472 R.
1490 1433 1540 1472 D.
1573 1432 1875 1483 suffraganius
1903 1434 1943 1471 et

326 1501 376 1541 D.
408 1501 546 1539 abbas
576 1500 617 1540 S.
650 1499 842 1545 Martini,
865 1499 940 1550 qui
963 1499 1051 1538 duo
1073 1499 1118 1537 in
1149 1499 1230 1537 hac
1259 1498 1439 1538 ciuitate
1469 1497 1611 1548 gratia
1639 1500 1682 1536 et
1710 1497 1945 1537 autoritate

328 1565 567 1616 plurimum
601 1565 761 1603 valent.
794 1564 943 1614 Neque
974 1576 1075 1603 vero
1106 1564 1187 1602 hac
1216 1563 1427 1613 temporis
1453 1562 1617 1602 iniuria
1646 1561 1841 1601 cohiberi
1872 1573 1945 1612 po-

327 1632 506 1669 tuerunt
548 1629 728 1679 plurimi
773 1629 845 1678 alij
893 1629 939 1668 in
982 1628 1115 1668 scolis
1161 1628 1415 1667 triuialibus
1457 1627 1660 1672 studiosi,
1705 1626 1945 1677 quominus

328 1695 594 1745 posthabitis
624 1694 725 1743 alijs
764 1693 1012 1733 studiorum
1058 1693 1181 1739 locis,
1227 1692 1452 1732 Treuerim
1497 1691 1711 1735 venirent,
1757 1691 1944 1730 maxime

327 1761 471 1798 auten]
517 1771 568 1798 ex
612 1759 731 1798 scola
776 1757 1169 1808 duisseldorpensi,
1214 1769 1298 1808 que
1342 1757 1455 1796 inter
1496 1756 1698 1795 triuiales
1735 1768 1761 1794 a
1804 1755 1944 1795 multo

328 1826 521 1874 tempore
542 1824 824 1863 celeberrima
845 1823 996 1862 habita
1017 1824 1096 1869 est,
1119 1824 1160 1861 et
1185 1821 1487 1861 studiosorum
1520 1820 1803 1859 multitudine
1832 1831 1945 1858 com-

329 1888 547 1927 mendata.
582 1888 674 1927 Hoc
703 1899 800 1927 cum
833 1887 956 1926 illius
995 1887 1112 1926 scole
1152 1886 1400 1925 moderator
1430 1888 1440 1908 1
1475 1885 1566 1936 (qui
1606 1884 1794 1923 heretice
1831 1884 1946 1923 labis

327 1954 590 2003 contagione
611 1953 799 1992 infectus
820 1952 996 1995 dicitur)
1019 1952 1290 1993 obseruaret,
1322 1962 1371 1990 ac
1401 1950 1419 1975 ¹)
1447 1950 1611 1989 multos
1640 1961 1692 1988 ex
1713 1948 1945 1999 discipulis

328 2018 422 2057 suis
452 2018 677 2057 'l'reuerim
710 2018 857 2056 venire
886 2017 1272 2058 animaduerteret,
1304 2016 1434 2066 longe
1470 2015 1617 2065 plures
1650 2026 1783 2065 quam
1817 2016 1945 2052 antea

328 2083 584 2122 scolasticas
600 2082 936 2121 exercitationes
953 2081 1210 2131 assumpsit,
1229 2080 1393 2131 quibus
1409 2082 1555 2118 tamen
1577 2078 1820 2129 discipulos
1841 2089 1946 2117 suos

330 2147 402 2186 vix
420 2147 605 2187 retinere
628 2149 782 2197 potest.
808 2146 916 2186 Cum
934 2148 1077 2185 autem
1104 2145 1254 2184 multis
1276 2155 1535 2195 persuasum
1552 2143 1610 2182 sit
1626 2143 1811 2193 primam
1829 2142 1944 2192 apud

330 2224 411 2250 nos
431 2224 579 2251 curam
602 2223 697 2250 esse
721 2213 764 2249 vt
786 2211 976 2262 primum
1000 2211 1110 2249 bene
1133 2209 1328 2251 viuendi.
1352 2208 1510 2247 deinde
1532 2209 1641 2246 bene
1659 2206 1863 2246 studendi
1883 2218 1947 2244 ra-

330 2275 493 2315 tionem
515 2275 728 2315 studiosis
750 2275 914 2313 nostris
936 2274 1178 2319 tradamus,
1198 2285 1251 2312 ne
1267 2272 1552 2312 scientiarum
1586 2272 1754 2310 fructus
1775 2282 1946 2309 morum

330 2341 604 2391 turpitudine
620 2341 892 2386 offendatur;
919 2340 966 2378 fit
984 2341 1028 2378 vt
1047 2339 1172 2378 multi
1191 2338 1363 2377 nobiles
1380 2349 1429 2376 ac
1445 2337 1551 2376 clari
1571 2336 1651 2375 viri
1670 2336 1948 2375 vehementer

331 2417 410 2445 nos
435 2408 585 2456 rogent
609 2418 684 2455 pro
705 2404 1036 2443 conuictoribus
1054 2402 1364 2453 suscipiendis.
1387 2413 1529 2452 neque
1548 2401 1752 2440 existimo
1774 2400 1946 2438 Patrem

331 2482 484 2518 rogare
514 2470 731 2511 desinent.
768 2469 903 2508 donec
947 2480 1098 2508 eorum
1143 2467 1431 2518 postulationi
1475 2466 1674 2505 satisfiat.
1719 2464 1945 2504 Caeterum

330 2547 417 2585 quo
447 2535 660 2573 studiosis
691 2534 781 2573 illis
812 2534 931 2572 fieret
961 2534 1083 2574 satis.
1116 2533 1191 2583 qui
1223 2534 1321 2582 post
1350 2531 1497 2570 studia
1528 2530 1734 2569 inchoata
1763 2529 1849 2568 huc
1880 2539 1948 2566 ve-

331 2602 505 2643 nerunt,
540 2600 621 2638 hoc
652 2599 760 2638 festo
793 2598 1015 2649 paschatis
1049 2597 1287 2637 secundam
1327 2596 1575 2635 studiorum
1614 2594 1946 2634 renouationem

331 2664 622 2711 instituimus,
656 2663 700 2702 in
730 2676 818 2714 qua
847 2675 870 2701 a
904 2662 1119 2713 principio
1148 2674 1199 2701 ea
1229 2661 1379 2700 omnia
1417 2661 1463 2699 in
1501 2659 1693 2711 singulis
1729 2658 1948 2698 classibus

331 2728 501 2767 tradere
530 2728 770 2778 coepimus,
803 2739 887 2778 que
907 2728 960 2766 ad
987 2726 1253 2766 curriculum
1286 2725 1447 2765 artium
1478 2723 1772 2763 emetiendum
1803 2733 1949 2761 neces-

392 2900 408 2917 a
429 2892 597 2932 publicae
636 2900 703 2923 ms.
730 2910 767 2913 —
793 2891 809 2916 b
828 2900 869 2922 ac
892 2899 1017 2930 snpra
1054 2898 1169 2923 svers..
1195 2889 1314 2920 deleto
1344 2888 1401 2919 ad.

396 3049 401 3063 ¹
430 3046 520 3077 Vide
544 3055 577 3086 p.
605 3046 674 3083 165,
700 3046 826 3076 annot.
851 3045 870 3075 3
