2099 3516
605 277 684 312 49¹0.
713 298 753 301 —
783 276 901 312 Sexis
928 278 950 311 9
977 277 1205 313 FEBRUARH
1238 278 1317 311 [5451
1662 281 1718 315 151

148 395 328 435 notione
358 395 530 446 pendet.
564 396 793 434 Praeterea
836 395 1018 434 minime
1060 395 1221 434 desunt
1264 395 1416 446 quiin
1462 396 1655 435 triclinio
1700 400 1772 436 113-

146 461 277 511 gellis
323 460 582 501 caeduntur.
627 460 703 510 qui
747 459 817 499 sui
848 459 990 510 ipsius
1028 462 1298 510 contemptu,
1348 460 1423 510 qui
1458 460 1542 510 piis
1589 462 1773 499 coeteris

147 525 324 575 studijs,
356 536 469 575 quae
499 536 523 563 a
554 524 769 564 Societate
799 526 949 563 nostra
980 524 1181 563 adhiberi
1212 525 1355 563 solent
1385 525 1439 563 ad
1461 525 1670 564 maiorem
1695 526 1772 564 Dei

145 590 334 640 gloriam
364 590 638 640 fratrumque
660 601 957 640 progressum,
989 589 1116 640 signa
1149 589 1382 639 probitatis
1408 590 1558 636 mirae,
1592 590 1773 629 11001111-

148 654 266 702 tatis,
298 654 575 694 obedientiae
604 654 801 705 quotidie
833 665 934 704 prae
964 666 1010 693 se
1040 654 1195 701 ferant,
1229 666 1307 693 nec
1336 666 1426 693 non
1453 654 1497 693 in
1521 655 1773 705 regularum

144 719 520 766 obseruationem,
552 731 666 770 quae
695 719 854 770 cuique
885 721 1085 758 nostrum
1115 719 1236 758 cordi
1268 719 1456 758 maxime
1486 731 1581 759 esse
1629 720 1771 767 debet,

145 784 267 823 omni
298 784 530 835 diligentia
562 784 840 824 incumbunt.
862 783 979 823 Laus
1000 784 1090 823 Deo
1120 783 1320 823 omnium
1342 784 1559 823 bonorum
1581 784 1773 823 authori.

225 849 262 889 εὶ.
295 848 421 898 Quod
452 849 507 888 ad
535 861 625 888 rem
648 848 909 888 familiarem
933 848 1105 895 attinet,
1129 848 1174 887 id
1195 849 1424 899 perhibere
1447 849 1663 891 ualemus,
1688 849 1775 888 Ma-

147 914 344 953 iestatem
377 914 577 953 diuinam
628 925 858 964 nunquam
906 925 988 953 nos
1017 921 1034 939 ss
1070 913 1341 960 destituisse,
1392 913 1501 964 quin
1534 913 1579 952 111
1619 914 1775 964 primis

148 979 279 1019 tuerit
309 979 439 1018 nobis
468 979 625 1018 diuina
654 991 735 1018 sua
764 979 983 1029 opitulata
1017 978 1175 1029 gratia,
1207 978 1366 1018 deinde
1388 991 1448 1025 re,
1476 979 1643 1018 uictum
1673 991 1776 1030 sup-

148 1044 401 1095 peditando,
433 1046 474 1083 et
503 1043 591 1083 alia
621 1046 779 1084 cuncta
808 1055 922 1095 quae
956 1046 1156 1095 spectant
1185 1044 1239 1083 ad
1269 1044 1654 1084 conseruationem
1685 1056 1776 1084 cor-

149 1109 279 1160 poris.
314 1110 462 1160 quue
493 1109 635 1161 magis
677 1110 855 1148 aeterna
886 1109 1173 1148 Prouidentia
1203 1109 1360 1155 elucet,
1401 1109 1610 1159 quamuis
1652 1110 1774 1149 omni

145 1177 340 1225 tempore
370 1176 581 1225 appareat
624 1175 865 1220 immensa3
898 1185 998 1213 cum
1028 1173 1205 1213 nullum
1247 1174 1365 1213 enini
1410 1174 1601 1225 uectigal
1634 1177 1776 1224 preter

145 1239 330 1291 triginta
360 1251 519 1279 aureos
548 1251 759 1279 nummos
788 1250 964 1278 annuos
992 1239 1098 1278 huic
1127 1238 1324 1290 Collegio
1358 1239 1582 1285 reddatur,
1615 1239 1776 1278 nihilo—

147 1305 296 1344 minus
326 1307 473 1344 tamen
504 1316 549 1344 re
578 1304 675 1355 ipsa
710 1304 972 1343 confirmare
1001 1303 1103 1343 licet
1132 1315 1213 1343 nec
1243 1303 1454 1343 uestitum
1498 1315 1577 1343 nec
1607 1304 1775 1343 uictum

146 1382 343 1421 unquam
374 1370 505 1409 00015
535 1369 743 1409 defuisse.
792 1368 1090 1418 Quamobrem
1123 1369 1291 1408 dictum
1321 1369 1457 1408 illud:
1494 1384 1513 1403 «
1544 1369 1666 1408 Nihil
1696 1369 1775 1408 ha-

146 1435 314 1482 000105,
346 1434 497 1474 omnia
528 1434 806 1485 possidentes
836 1449 855 1468 »
891 1436 918 1481 1,
950 1445 1041 1472 non
1071 1433 1264 1480 mentiri,
1297 1445 1427 1473 nemo
1456 1436 1659 1473 nostrum
1686 1446 1775 1473 non

146 1500 282 1540 uidet.
308 1500 357 1539 In
379 1501 637 1550 paupertate
667 1499 816 1550 itaque
846 1499 960 1538 laeta
986 1499 1117 1550 (quae
1146 1498 1326 1550 quidem
1348 1498 1386 1538 si
1407 1499 1537 1545 laeta,
1570 1499 1776 1538 habenda

146 1577 235 1604 non
265 1567 331 1605 est
360 1565 554 1615 30101105
584 1566 838 1615 paupertas)
870 1564 1007 1603 uitam
1039 1563 1328 1611 traducimus,
1352 1564 1413 1603 ita
1443 1576 1542 1603 0001
1566 1564 1643 1603 1113
1666 1565 1776 1603 0000

144 1631 453 1677 00000010105,
473 1632 520 1670 01
538 1630 625 1669 1301
642 1629 924 1681 quodamodo
942 1629 1147 1669 uideatur
1162 1628 1180 1654 b
1200 1661 1209 1676 ,
1231 1631 1277 1669 01
1289 1629 1536 1680 sioloquar,
1552 1641 1633 1669 nos
1646 1630 1775 1680 quasi

145 1696 253 1736 fides
278 1695 514 1743 (10100155ος
546 1708 646 1735 0001
685 1695 846 1735 etenim
873 1695 982 1734 fides
1011 1695 1069 1734 sit
1093 1707 1247 1734 eorum
1277 1707 1390 1746 quae
1429 1696 1513 1735 500
1549 1697 1775 1746 350001001

145 1774 235 1801 000
264 1762 443 1807 03ᾶο01,
486 1761 531 1800 10
561 1760 739 1801 senensi
782 1760 970 1811 collegio
1013 1760 1128 1800 inter
1171 1772 1325 1800 omnes
1367 1762 1556 1807 constat,
1601 1762 1643 1800 et
1687 1760 1776 1799 sere

144 1827 287 1866 oculis
316 1827 540 1866 cernimus
569 1826 770 1866 diuinam
802 1826 956 1865 adesse
989 1825 1338 1871 Prouidentiam,
1365 1825 1664 1877 omnibusque
1686 1837 1776 1865 non

145 1892 247 1939 5101,
279 1894 323 1931 31
352 1891 617 1943 benignitati
647 1891 744 1931 eius
774 1890 1102 1930 confidentibus
1132 1891 1417 1930 uehementer
1445 1891 1697 1942 suffragari.

223 1959 262 1997 3.
295 1957 598 1997 Ε10001051030
627 1968 741 2008 quae
771 1956 902 1995 nobis
932 1955 1154 1995 interdum
1185 1955 1231 1995 in
1262 1963 1276 1981 0
1310 1967 1484 1995 summa
1529 1956 1776 2007 indigentia

145 2023 429 2063 uersantibus
463 2022 730 2062 exhibentur
759 2034 783 2060 a
813 2021 978 2072 quibus
1021 2021 1255 2072 praecipue
1288 2021 1469 2060 minime
1499 2023 1773 2072 putaranius.

146 2088 206 2127 ita
226 2090 502 2139 opportunae
531 2087 744 2133 existunt,
772 2086 952 2126 01011111
983 2098 1131 2137 supra.
1155 2086 1217 2125 Ex
1239 2087 1449 2126 omnibus
1478 2086 1554 2137 qui
1585 2086 1776 2137 benigne

145 2153 276 2193 00015
296 2153 479 2195 faciunt.
503 2152 903 2192 animaduertimus
925 2152 1154 2191 mulierem
1173 2152 1356 2191 uiduam
1373 2152 1594 2203 insignem
1616 2152 1774 2191 sancti-

145 2219 310 2266 monia,
342 2219 504 2270 pietate
533 2230 584 2258 ac
615 2217 828 2269 peculiari
859 2230 964 2257 cura
995 2217 1041 2256 in
1072 2217 1155 2256 hoc
1198 2217 1434 2268 collegium
1479 2217 1696 2259 affectam.
1730 2217 1776 2256 in

145 2284 407 2324 Societatem
455 2284 596 2334 deque
648 2283 780 2322 nobis
823 2283 933 2321 bene
991 2282 1208 2328 meritam,
1259 2294 1391 2333 quam
1441 2282 1517 2332 qui
1569 2282 1772 2321 maxime.

144 2349 365 2388 Auderem
396 2349 530 2388 ferme
573 2348 790 2387 affirmare
835 2347 990 2386 maiori
1021 2347 1106 2398 ipsi
1138 2349 1290 2386 nostra
1333 2359 1463 2386 curae
1499 2359 1609 2394 esse,
1641 2358 1775 2398 quam

144 2414 275 2454 nobis
305 2414 438 2465 ipsis:
472 2414 579 2453 haec
609 2425 714 2453 5035
743 2413 947 2452 fortunas
976 2412 1163 2463 collegio
1194 2412 1390 2462 impertit
1419 2424 1517 2451 cum
1552 2412 1639 2451 iam
1670 2424 1775 2463 sup,-

145 2480 362 2530 pellectile
405 2481 541 2518 totam
585 2479 766 2518 domum
796 2476 813 2503 ‘¹
846 2477 1085 2517 ornauerit.
1117 2477 1185 2516 Ad
1217 2477 1299 2516 hoc
1329 2477 1495 2516 accedit
1539 2478 1657 2528 quod
1688 2480 1774 2516 sta-

145 2546 289 2583 tutum
320 2544 454 2583 habet
473 2543 611 2583 animi
643 2542 783 2582 nostri
805 2551 820 2568 θ
852 2542 995 2593 gratia
1025 2542 1212 2581 fundum
1245 2542 1452 2589 mercari;
1477 2544 1579 2581 ante
1605 2542 1775 2581 obitum

145 2621 251 2649 uero
280 2621 412 2649 suum
442 2609 640 2648 omnium
672 2609 891 2647 bonorum
921 2607 1158 2658 collegium
1190 2607 1420 2647 haeredem
1444 2619 1489 2646 se
1511 2608 1775 2658 scripturam

142 2677 407 2715 testamento
455 2674 737 2714 confirmauit
765 2675 794 2713 ².
828 2673 926 2712 Non
973 2685 1101 2712 secus
1148 2685 1197 2712 ae
1242 2673 1368 2712 alteri
1418 2673 1464 2712 in
1512 2673 1662 2712 animo
1711 2675 1774 2711 est

226 2814 245 2832 a
263 2814 329 2837 nos
366 2814 491 2845 supra
534 2813 632 2836 vers.
657 2823 697 2826 —
720 2803 738 2829 b
759 2803 921 2835 Emeucl.
947 2812 994 2834 ex
1018 2803 1179 2835 uidetur.
1198 2822 1235 2825 —
1253 2812 1267 2830 e
1293 2804 1331 2835 in
1355 2813 1479 2844 supra
1502 2812 1599 2835 vers.
1625 2822 1663 2825 υ-
1680 2804 1695 2828 1¹
1716 2804 1778 2835 do-

146 2867 243 2890 mam
266 2868 337 2890 ms.
363 2877 400 2880 —
425 2866 441 2885 e
460 2858 579 2889 nostri
603 2866 729 2898 supra
753 2866 855 2888 vers.

208 2980 218 2997 ¹
241 2977 294 3010 Cf.
318 2977 351 3009 Π
375 2977 566 3015 ΟΟΒΙΝΤΗ.,
592 2976 651 3013 VI,
678 2976 727 3008 10.

206 3033 218 3050 2
241 3031 297 3063 Ad
313 3031 409 3063 hanc
426 3031 525 3072 piam
542 3030 716 3062 feminam
739 3029 915 3061 videntur
938 3028 1139 3062 referenda,
1165 3038 1260 3070 quae
1278 3029 1463 3060 hahentur
1479 3029 1517 3060 in
1535 3030 1691 3068 antiquo
1708 3037 1775 3060 105.

145 3085 215 3117 sub
238 3084 308 3117 hoc
330 3084 461 3116 titulo:
490 3098 505 3113 «
522 3083 689 3115 Historia
712 3082 769 3115 del
792 3081 955 3123 Collegio
979 3082 1015 3113 di
1044 3082 1153 3115 Siena
1171 3096 1200 3114 ».
1230 3095 1243 3110 «
1261 3082 1362 3123 Dopo
1387 3082 1557 3113 un'anno
1582 3080 1602 3113 o
1625 3081 1685 3113 doi
1709 3080 1776 3112 che
