2099 3516
375 256 445 293 532
860 252 1063 288 LITTERAE
1090 250 1433 294 QUADRIMESTRES

332 376 419 415 huc
447 374 622 420 missos,
655 372 834 411 domum
864 369 1046 409 remisit.
1082 366 1167 417 Alij
1202 364 1366 404 relictis
1395 362 1561 403 scholis
1608 361 1774 401 nostris
1815 361 1871 400 ad
1900 360 1943 400 S.

333 439 601 480 Germanum
631 437 895 476 defecerunt.
930 434 989 473 Ea
1018 432 1170 472 schola
1199 431 1264 469 est
1294 427 1487 468 triuialis
1510 427 1585 476 (ita
1620 425 1738 465 enim
1771 427 1945 472 vocant,

333 515 447 555 quae
499 500 800 541 Vniuersitatis
847 498 1025 538 nomine
1073 508 1158 535 non
1209 492 1460 541 censentur)
1505 502 1594 530 non
1641 492 1741 529 ante
1787 489 1949 528 multos

334 579 477 608 annos
506 567 588 606 hac
618 566 663 605 in
694 566 812 611 vrbe,
844 561 1140 604 celeberrima,
1177 558 1252 597 sed
1283 557 1365 595 hoc
1394 555 1605 606 temporis
1647 554 1833 593 articulo
1878 552 1950 592 vix

335 634 390 673 ab
419 632 534 683 alijs‚
567 642 698 682 quam
731 628 877 680 pueris
908 627 1198 676 frequentata,
1229 632 1417 672 quorum
1449 619 1687 659 multitudo
1717 629 1950 658 numerum

334 698 427 746 400,
459 699 506 736 vt
534 695 683 741 audio,
715 693 946 743 adaequat,
981 702 1033 730 ne
1062 690 1204 728 dicam
1235 685 1417 725 excedit.
1452 685 1648 724 Alterum
1680 682 1799 734 quod
1829 682 1952 721 nulla

336 773 383 802 se
425 761 555 801 nobis
596 759 741 798 adhuc
770 757 942 796 occasio
972 752 1195 797 obtulerit,
1241 753 1287 789 vt
1315 749 1559 800 discipulos
1589 748 1634 787 in
1676 747 1953 787 conuictores

337 826 566 866 admittere
596 822 891 875 potuerimus;
924 818 1130 870 quamuis
1173 816 1227 855 ad
1258 815 1303 854 id
1332 814 1523 854 diuersis
1552 811 1825 862 temporibus
1863 821 1953 849 non

337 891 481 930 solum
525 888 739 929 fuerimus
781 884 1023 937 prouocati,
1056 882 1130 921 sed
1178 879 1371 920 lacessiti
1415 878 1562 929 potius
1591 890 1617 916 a
1645 876 1803 923 tribus,
1848 886 1954 926 qua—

339 958 496 995 tuorue
525 953 776 1000 abbatibus,
815 949 975 990 summi
1020 946 1169 997 templi
1201 943 1442 991 canonicis,
1478 942 1669 988 ciuibus,
1699 940 1955 989 ciuiumque

339 1018 660 1072 potentissimis
689 1017 954 1068 quibusque,
986 1013 1060 1064 qui
1094 1011 1338 1062 religiosos,
1377 1009 1508 1054 filios,
1540 1008 1809 1058 nepotesque
1850 1015 1956 1044 suos

340 1098 365 1125 a
395 1085 524 1124 nobis
552 1082 686 1133 recipi
718 1080 869 1120 multis
900 1078 1102 1130 precibus
1131 1074 1466 1115 contenderunt.
1500 1071 1616 1122 Quin
1646 1070 1763 1122 quod
1807 1068 1954 1108 archi-

341 1150 575 1200 episcopus
614 1148 707 1198 ipse
737 1148 749 1170 1
780 1146 894 1184 hanc
916 1155 996 1183 nos
1017 1141 1233 1181 rationem
1264 1139 1349 1178 iam
1374 1138 1528 1188 inisze
1559 1138 1695 1183 ratus,
1737 1133 1957 1186 quendam

341 1216 481 1254 bonae
502 1213 595 1263 spei
617 1211 939 1251 adolescentem
970 1208 1023 1246 ad
1046 1218 1126 1245 nos
1158 1204 1292 1251 misit,
1316 1202 1563 1253 postulans,
1589 1202 1634 1239 vt
1653 1199 1957 1239 conuictorum

341 1281 593 1319 nostrorum
623 1275 836 1316 sodalicio
866 1272 1194 1322 adiungeretur,
1226 1267 1475 1318 theologiae
1506 1266 1624 1316 (nam
1665 1263 1826 1303 artium
1864 1274 1959 1302 cur-

343 1356 440 1384 sum
471 1341 679 1383 Coloniae
723 1339 990 1387 absoluerat)
1027 1347 1204 1386 operam
1234 1334 1433 1372 daturus.
1480 1331 1725 1380 Vtrumque
1754 1328 1842 1367 iam
1876 1327 1959 1367 sub

343 1408 502 1448 incude
536 1408 750 1452 versatur,
783 1407 914 1453 atque
957 1401 1106 1441 omnia
1135 1412 1186 1438 ex
1217 1400 1318 1437 voto
1361 1407 1537 1448 sperare
1566 1395 1787 1441 iubemur,
1827 1393 1960 1432 etiam

344 1473 484 1513 breui.
520 1471 654 1521 Quae,
704 1470 741 1508 si
785 1468 919 1508 semel
967 1476 1270 1516 assequamur,
1318 1463 1481 1513 plures,
1526 1472 1615 1499 non
1659 1458 1829 1505 dubito,
1875 1457 1962 1496 huc

345 1537 567 1578 confluent
596 1534 819 1584 discipuli,
852 1544 982 1583 quam
1014 1533 1058 1569 vt
1088 1530 1140 1568 de
1172 1527 1391 1579 paucitate
1421 1525 1575 1565 merito
1606 1523 1707 1574 quis
1750 1520 1961 1572 conqueri

347 1603 415 1643 vel
446 1602 586 1653 possit
616 1600 680 1639 vel
712 1598 881 1638 debeat.

424 1668 463 1707 6.
496 1666 579 1706 Sed
622 1665 726 1704 dum
770 1664 1065 1713 expectamus,
1098 1671 1187 1698 non
1221 1667 1445 1697 cessamus
1475 1657 1636 1694 tamen.
1669 1652 1817 1692 Missis
1845 1651 1963 1691 enim

346 1731 560 1782 catalogis
590 1741 664 1780 per
692 1727 973 1768 Germaniam
994 1724 1279 1775 superiorem,
1313 1720 1581 1766 Flandriam,
1613 1715 1961 1767 Lotharingiam,

347 1796 553 1841 Galliam,
586 1794 785 1843 aliasque
818 1791 983 1830 vicinas
1014 1787 1281 1840 prouincias,
1315 1797 1403 1825 non
1438 1784 1621 1824 omnino
1650 1793 1828 1833 operam
1858 1779 1966 1820 lusi-

348 1873 462 1908 mus,
493 1858 821 1907 effecimusque,
856 1858 899 1894 vt
928 1866 1087 1893 nomen
1112 1850 1415 1891 Vniuersitatis
1444 1846 1685 1888 treuericae'
1707 1845 1840 1897 (quod
1862 1845 1966 1884 late-

349 1926 440 1966 bris
462 1924 648 1964 oblituit·
661 1922 755 1971 diu)
778 1919 989 1971 paulatim
1012 1920 1143 1968 caput
1164 1916 1396 1959 attolleret,
1420 1916 1461 1953 et
1482 1914 1543 1952 ita
1563 1920 1580 1938 ἢ
1602 1912 1648 1951 in
1670 1910 1882 1962 pristinae
1903 1908 1966 1947 di-

350 1989 533 2042 gnitatis
554 1987 731 2027 initium
761 1997 856 2024 sese
886 1984 1113 2025 assereret,
1140 1983 1183 2020 vt
1205 1980 1368 2019 relictis
1393 1976 1689 2018 celeberrimis
1710 1973 1964 2024 academijs,

350 2053 617 2099 louaniensi,
668 2050 916 2102 parisiensi,
963 2048 1209 2097 vicinisque
1256 2045 1594 2084 lutheranorum
1644 2038 1965 2091 marpurgensi,

349 2116 760 2168 duisseldorpiensi,
783 2113 1105 2163 duisbergensi,
1129 2112 1318 2162 alijsque
1348 2112 1439 2148 tum
1473 2105 1852 2150 vniuersitatibus,
1875 2106 1968 2143 tum

351 2185 531 2226 scholis,
563 2194 673 2233 quas
703 2192 837 2230 supra
866 2178 1067 2218 triuiales
1099 2176 1242 2215 vocari
1273 2175 1482 2221 diximus,
1514 2172 1694 2223 quidam
1729 2169 1854 2209 illinc
1883 2168 1969 2207 huc

352 2261 398 2289 se
426 2247 707 2288 contulerint.
755 2244 914 2283 Emissi
959 2244 1063 2282 sunt
1105 2241 1235 2280 etiam
1266 2238 1455 2289 catalogi
1500 2235 1777 2281 recentiores,
1809 2233 1885 2285 qui
1915 2232 1970 2271 ad

352 2313 684 2354 renouationem
727 2309 972 2349 studiorum
1018 2306 1261 2356 discipulos
1290 2304 1520 2343 aduocent.
1561 2300 1648 2340 Nec
1676 2297 1969 2339 dubitandum

353 2379 462 2429 quin
492 2378 599 2416 haec
628 2385 804 2426 quoque
834 2371 1064 2423 diligentia
1087 2371 1132 2409 in
1153 2368 1421 2408 academiam
1452 2368 1648 2406 nostram
1669 2375 1801 2415 quam
1823 2362 1972 2413 plures

353 2444 411 2483 sit
439 2443 697 2482 adductura.
745 2438 974 2483 Exercitia,
1006 2436 1169 2487 quibus
1212 2437 1303 2473 tum
1335 2432 1390 2472 ad
1421 2432 1642 2477 virtutem,
1674 2431 1765 2469 tum
1809 2426 1866 2466 ad
1902 2438 1971 2466 ca-

354 2507 594 2559 pessendas
622 2506 762 2544 bonas
804 2505 919 2542 artes
949 2500 1281 2545 extimulantur,
1313 2497 1491 2536 diuersa
1528 2496 1655 2542 sunt;
1688 2505 1766 2533 nec
1795 2504 1845 2532 ea
1874 2490 1972 2542 qui-

354 2573 450 2613 dem
482 2569 790 2621 infrequentia.
814 2566 1026 2616 Theologi
1048 2565 1117 2603 bis
1138 2564 1291 2614 legunt
1313 2561 1534 2612 quotidie;
1557 2559 1728 2610 logicus
1747 2559 1789 2597 et
1808 2557 1971 2604 rhetor,

355 2641 443 2685 ter;
490 2637 785 2675 humanarum
828 2632 1054 2671 literarum
1100 2629 1384 2679 professores,
1430 2627 1598 2676 quater.
1645 2622 1790 2662 Finita
1833 2621 1974 2672 prima

354 2702 556 2747 lectione,
589 2710 741 2739 omnes
770 2709 816 2736 se
846 2695 1078 2735 conferunt
1107 2694 1162 2732 ad
1191 2703 1380 2738 sacrum,
1412 2690 1529 2741 quod
1559 2687 1745 2740 quotitie
1781 2685 1975 2726 scholas-

355 2768 540 2807 ticorum
588 2763 729 2816 gratia
758 2762 805 2801 in
834 2760 996 2800 sacello
1045 2760 1196 2797 nostro
1239 2757 1302 2805 fit,
1336 2756 1385 2795 ln
1422 2754 1564 2805 logica
1594 2751 1786 2803 singulis
1814 2749 1975 2789 hebdo-

418 2910 435 2928 a
457 2900 538 2933 Del.
564 2908 613 2931 se.

420 3027 429 3043 ¹
454 3025 609 3056 Ioannes
631 3022 675 3054 de
705 3021 823 3053 Petra.
