2099 3516
583 263 663 298 5029.
692 279 735 285 —
762 261 948 297 ΒοΝοΝῙΑ
978 261 1022 296 16
1048 259 1147 296 ΜΑιι
1178 259 1264 295 1561
1624 259 1694 295 3⁴25

111 386 268 436 questo
298 382 436 423 saccio
465 382 566 429 fine,
600 380 824 431 pregando
868 381 1019 418 uostra
1061 378 1112 417 R.
1148 377 1232 417 P.¹²'l
1263 377 1319 416 ad
1349 377 1488 416 hauer
1532 388 1610 427 per
1648 388 1740 415 rac-

110 448 417 489 commandate
446 447 486 486 le
516 457 616 485 cose
661 447 809 484 nostre
853 444 968 482 nelle
1010 455 1090 482 sue
1132 442 1340 481 orationi.
1373 464 1423 469 -
1454 441 1518 480 Da
1548 440 1741 480 Messina

112 513 190 553 alli
221 513 270 552 15
299 512 344 552 di
375 512 490 551 Maio
522 511 640 550 1561.

219 577 270 617 D.
302 577 353 617 V.
386 577 438 616 R.
472 575 557 615 ΡᾸὲ
588 575 710 626 figlio
739 577 782 614 et
810 586 940 613 seruo
970 573 1179 623 indegno.

1130 696 1391 735 FRANCESCO
1422 695 1625 735 STEFANO
1657 697 1686 734 1.

191 826 448 876 Inscriptio.
480 823 673 863 Messina
717 822 834 869 1561,
869 814 919 860 15
960 820 1079 871 Maij.
1113 821 1195 859 Per
1238 820 1281 859 la
1320 819 1556 859 Provincia
1586 819 1630 858 di
1662 818 1746 857 To-

113 902 262 931 soana.

873 1098 985 1147 529

482 1253 569 1303 LU
576 1252 873 1303 DOVICUS
928 1249 1376 1301 GAGLIARDUS

656 1401 835 1426 BONONIA
866 1390 908 1425 16
934 1400 1009 1425 MAI
1037 1389 1126 1424 1561
1153 1389 1178 1424 2’.

111 1531 150 1566 1.
179 1526 412 1576 Epistulae
441 1525 574 1563 ratio.
620 1523 759 1562 Aedes
788 1523 902 1561 satis
931 1521 1185 1560 commodae
1208 1520 1439 1570 paulatim
1476 1518 1745 1567 aedificatae,

221 1590 541 1630 adiuvantibus
584 1589 923 1638 archiepiscopo,
955 1587 1145 1633 civitate,
1179 1586 1372 1634 aliisque
1410 1584 1622 1634 privatis.
1658 1583 1746 1622 No-

220 1657 323 1696 bilis
352 1656 572 1695 matronce
602 1654 896 1703 beneficentia.
918 1654 1069 1691 Etiam
1100 1654 1148 1690 in
1179 1663 1385 1690 annonae
1407 1650 1594 1689 caritate
1614 1651 1749 1688 sociis

219 1722 475 1762 necessaria
503 1720 760 1770 suppetunt.
794 1719 1009 1757 Aedicula
1040 1717 1157 1757 Stae.
1182 1717 1434 1766 Reparatae
1464 1716 1502 1754 et
1535 1715 1748 1765 templum

221 1787 337 1827 Stae.
368 1787 534 1825 Luciae
573 1785 755 1834 collegio
786 1784 1031 1822 donantur.
1064 1782 1361 1831 Perfectionis
1399 1780 1604 1819 studium
1633 1780 1750 1829 viyet

220 1853 339 1891 inter
368 1852 523 1899 socios,
555 1851 594 1888 et
623 1849 799 1899 fovetur
827 1849 985 1886 Patris
1009 1847 1313 1897 provincialis
1343 1844 1744 1885 exhortationibus.

219 1917 346 1956 Idem
375 1916 427 1954 P.
463 1915 768 1955 Prouincialis
812 1915 878 1952 ter
906 1915 956 1952 in
986 1913 1146 1962 templo
1178 1925 1278 1951 cum
1315 1911 1578 1949 cticditornm
1609 1910 1749 1948 admi-

221 1983 396 2021 ratione
426 1981 728 2020 contionatur.
752 2001 802 2005 —
824 1983 865 2017 2.
897 1978 1160 2018 Scholastici
1190 1989 1280 2015 non
1312 1976 1458 2024 multi,
1479 1975 1556 2014 sed
1584 1975 1746 2014 selecti.

219 2048 391 2086 Eorum
419 2057 687 2096 progressus
717 2047 765 2083 in
797 2045 974 2083 litteris.
998 2043 1209 2082 Publicae
1239 2042 1591 2081 exercitationes.
1623 2039 1750 2079 Scho—

223 2113 374 2151 larum
403 2112 678 2150 existimatio
710 2110 830 2160 apud
851 2111 978 2148 cives.
1004 2108 1382 2148 Sclzolasticorum
1411 2118 1680 2157 progressus
1700 2107 1749 2143 in

221 2177 346 2216 bonis
376 2176 590 2215 moribus.
636 2176 793 2224 Aliqui
835 2187 941 2213 snos
972 2174 1028 2212 ad
1069 2174 1279 2223 pietatem
1322 2173 1466 2210 variis
1505 2171 1750 2209 industriis

223 2243 401 2281 allicere
421 2242 657 2280 conantur.
699 2240 822 2279 Unus
843 2239 1103 2278 Societatem
1124 2238 1396 2287 ingreditur.
1416 2259 1463 2263 -—
1489 2240 1529 2274 3.
1551 2236 1749 2274 Fructus

221 2320 273 2346 ex
303 2307 573 2345 ministeriis
602 2318 710 2356 erga
726 2306 973 2355 proximos.
1006 2304 1234 2342 Numerus
1265 2302 1565 2341 accedentium
1596 2301 1653 2339 ad
1682 2312 1750 2339 sa-

222 2373 467 2412 cramenta.
499 2372 720 2420 Effrenati
744 2371 990 2420 peccatoris
1019 2370 1225 2408 mutatio.
1260 2391 1310 2394 —
1339 2372 1383 2406 4.
1409 2367 1663 2406 Concursus
1694 2367 1751 2405 ad

221 2428 447 2477 contiones
477 2438 650 2476 auctus.
682 2436 1030 2474 Exhortationes
1057 2435 1275 2485 privatim
1305 2433 1493 2472 habitae.
1517 2455 1566 2458 —
1587 2436 1629 2471 5.
1660 2433 1750 2470 Au-

220 2504 388 2542 xilium
417 2502 724 2552 indigentibus
744 2502 784 2539 et
804 2502 1036 2550 virginum
1067 2500 1285 2538 coenobiis
1311 2499 1541 2537 collatum.
1574 2498 1751 2536 Archie-

221 2570 429 2619 piscopus
459 2568 634 2606 auxilio
665 2567 823 2605 Patris
864 2566 1067 2604 Rectoris
1097 2567 1145 2603 in
1176 2565 1385 2603 dioecesis
1424 2563 1682 2601 visitatione
1710 2563 1750 2600 et

223 2635 272 2672 in
314 2633 569 2672 candidatis
613 2632 670 2670 ad
698 2643 852 2670 sacros
882 2631 1062 2669 ordines
1104 2629 1423 2669 examinandis
1461 2629 1623 2667 utitur.
1656 2627 1751 2666 Alii

224 2699 373 2738 clerici
416 2698 621 2737 consiliis
664 2697 861 2736 eiusdem
892 2696 1049 2734 Patris
1088 2695 1390 2745 acquiescunt.
1420 2716 1470 2720 —-
1501 2697 1542 2732 6.
1577 2692 1751 2731 Curant

223 2766 332 2803 socii
360 2764 411 2803 ut
440 2762 558 2802 Stae.
588 2763 827 2812 Reparatce
855 2762 1019 2811 festum
1048 2761 1280 2800 honestius
1309 2760 1562 2799 celebretur.

180 2942 191 2960 ¹
212 2940 306 2974 Vide
328 2940 423 2972 Litt.
453 2939 660 2980 Quadrim.
685 2938 728 2978 V,
753 2939 827 2971 375.

179 2995 193 3014 ⁹
214 2994 268 3026 Ex
289 2994 424 3035 origin.
448 2993 488 3026 in
522 2993 601 3025 cod.
631 2992 760 3025 Venet.
784 2991 867 3029 100,
895 2991 931 3024 ff.
955 2991 1073 3031 64-66;
1098 2991 1204 3032 prius
1238 2990 1385 3022 199-0201.
1421 2987 1612 3020 Praecedit
1646 2986 1749 3019 aliud

118 3047 327 3089 exemplum
350 3047 389 3079 in
411 3046 447 3079 ff.
472 3046 579 3079 6263.
1661 3076 1683 3106 .
