2099 3516
570 243 650 279 521.
679 264 720 269 —
749 242 907 279 Bunffls
932 243 955 278 6
981 242 1080 279 ΜΑΗ
1109 242 1196 278 1561
1587 244 1651 279 301

75 373 325 413 magnaque
366 361 441 401 dat
488 361 617 412 signa
661 361 811 412 magni
840 373 943 412 erga
991 373 1074 400 nos
1104 361 1287 400 fauoris.
1338 360 1529 410 Quidam
1576 362 1703 401 ducis

74 425 292 465 Bauariae
321 426 509 476 legatus,
533 427 651 476 quod
673 426 719 465 in
739 426 935 466 carmine
965 437 1054 476 quo
1084 425 1168 465 fuit
1188 428 1398 476 exceptus
1428 426 1617 466 illustris
1652 426 1702 465 il-

74 490 163 530 lius
206 490 420 541 principis
463 491 629 530 mentio
668 491 804 538 fieret,
837 493 1034 530 nostram
1064 502 1114 530 ac
1161 490 1269 530 noui
1298 491 1472 542 collegij
1523 503 1704 531 causam

73 555 193 606 apud
221 556 409 595 eundem
432 555 675 607 principem
696 568 743 596 se
763 555 1000 607 diligenter
1020 558 1223 595 acturum
1245 556 1462 607 promisit.
1487 555 1703 596 Catholici

73 619 255 671 quidam
285 620 470 671 praelati
500 632 582 660 sua
610 620 787 671 scripta,
818 632 932 671 quae
961 620 1139 671 quidem
1179 620 1225 659 in
1268 620 1497 671 publicum
1527 620 1618 659 sint
1646 620 1706 660 ef-

74 684 269 733 ferenda,
300 697 514 725 censurae
543 688 721 726 nostrae
750 685 1012 736 silbiJ'ciunt,
1045 687 1085 725 et
1131 697 1157 725 a
1186 685 1317 725 nobis
1346 685 1571 725 orationes
1618 685 1704 724 sibi

73 761 398 801 nonnunquam
427 751 633 802 componi
662 750 930 798 desiderant,
963 762 1076 801 quas
1106 750 1191 801 ipsi
1222 750 1404 790 recitare
1434 750 1622 801 possint.

154 816 192 855 7.
216 815 278 854 De
299 815 511 855 fratribus
531 815 712 863 nostris,
734 815 812 867 qui
835 817 1072 855 uersantur
1092 815 1138 854 in
1159 815 1395 867 oybinensi
1417 815 1702 862 monasterio,

74 892 214 920 unum
244 880 357 920 illud
387 881 646 932 appendicis
675 881 818 920 instar
846 880 1024 931 adijcio‚
1056 880 1175 932 quod
1206 880 1435 930 nimirum,
1471 892 1571 920 cum
1607 879 1706 919 istis

74 944 304 984 mensibus
333 945 577 996 grauiores,
600 957 734 997 quam
763 945 995 988 hactenus.
1019 945 1349 996 persecutiones
1386 947 1561 996 propter
1581 944 1706 984 iusti-

74 1010 181 1049 tiam
212 1010 332 1061 passi
361 1010 466 1057 sint,
497 1010 617 1050 Deus
646 1011 777 1050 etiam
809 1010 1019 1050 maiorem
1042 1022 1143 1050 cum
1174 1010 1418 1049 tentatione
1438 1011 1705 1061 prouentum

73 1074 237 1114 fecerit.
270 1074 381 1114 Nam
410 1075 636 1115 lutherani
666 1075 820 1115 rustici
852 1075 1093 1115 uoluerunt
1121 1087 1197 1114 eos
1231 1074 1469 1126 aliquoties
1490 1074 1704 1125 lapidare,

73 1142 115 1179 et
143 1140 497 1180 concionatorem
529 1152 854 1192 nonnunquam
884 1152 906 1179 e
936 1140 1116 1191 templo,
1148 1140 1268 1190 quod
1298 1142 1446 1179 tamen
1481 1139 1569 1179 iam
1591 1151 1707 1179 com·

73 1205 260 1245 missum
290 1206 421 1246 nobis
435 1213 453 1232 ἃ
474 1208 554 1253 est,
577 1205 823 1254 eiecerunt;
855 1208 897 1245 et
916 1205 1125 1257 quamuis
1154 1217 1255 1245 eum
1276 1205 1508 1245 admittere
1528 1205 1707 1244 tandem

72 1272 349 1322 cogerentur,
396 1271 720 1322 prohibuerunt
758 1273 905 1311 tamen
949 1271 1205 1322 plebeculae
1235 1282 1289 1310 ne
1332 1270 1568 1310 conciones
1610 1270 1707 1309 eius

73 1335 261 1375 audiret.
294 1336 457 1376 Verum
504 1348 558 1376 ex
588 1336 687 1376 istis
734 1336 1121 1387 persecutionibus
1168 1336 1356 1376 uerbum
1404 1335 1481 1382 Dej
1524 1335 1707 1374 minime

74 1412 265 1440 uacuum
298 1401 442 1452 rediJ‘t‚
474 1413 574 1441 cum
605 1402 688 1441 hac
718 1401 1057 1453 quadragesima
1098 1413 1189 1440 non
1219 1413 1356 1440 unum
1404 1401 1475 1440 uel
1518 1400 1706 1440 alterum

74 1466 305 1515 duntaxat,
359 1469 408 1506 ut
464 1466 591 1513 alias,
637 1467 714 1507 sed
758 1467 808 1505 10
853 1466 1248 1513 communicantes,
1299 1465 1494 1516 exceptis
1542 1465 1708 1504 nostris

74 1531 313 1571 habuerint
352 1531 383 1571 ὓ.
425 1531 608 1584 [Preces
644 1534 849 1583 postulat
900 1534 940 1572 et
987 1530 1235 1583 valedicit]
1280 1531 1447 1581 Pragae
1494 1531 1519 1569 4
1567 1541 1708 1569 nonas

75 1596 177 1647 maij
213 1596 363 1649 [1561].

183 1661 298 1701 ΗΜΘ
329 1663 376 1702 Ρ.
409 1663 459 1702 V.
493 1662 839 1714 indignissimus
868 1662 988 1702 filius

1003 1758 1235 1798 HENRICUS
1265 1757 1547 1796 BLYssans
1570 1759 1597 1796 1.

180 1843 209 1893 ἦ
238 1841 593 1892 Quadrimestres
622 1853 875 1894 pragenses.

842 2071 943 2121 521

454 2232 507 2282 P.
549 2231 827 2281 GASPAR
885 2230 973 2280 DE
1031 2208 1306 2280 DUENAS

643 2380 792 2406 BURGls
817 2369 840 2405 6
867 2380 957 2405 MAI]
1000 2369 1087 2404 1561
1116 2369 1140 2404 2.

74 2494 169 2529 1-2.
200 2490 433 2529 Sociorum
462 2502 696 2529 numerus.
733 2489 1026 2528 Candidatus.
1060 2489 1111 2528 P.
1133 2489 1334 2528 Hectoris
1363 2488 1602 2527 contiones.
1625 2488 1711 2526 La—

183 2555 339 2595 borum
369 2557 558 2605 fructus.
595 2555 719 2594 Cives
748 2555 1001 2605 frequentes
1032 2555 1089 2593 ad
1117 2554 1472 2593 sacramentam
1503 2553 1710 2592 uostrum

184 2621 398 2671 templum
441 2621 699 2660 accurrunt.
743 2621 832 2659 Reo
876 2620 1150 2670 supplicium
1193 2619 1400 2658 subituro
1431 2618 1615 2668 quidam
1658 2629 1711 2656 ex

136 2787 155 2806 a
177 2779 285 2812 nobis
308 2788 435 2820 supra
457 2788 560 2812 vers.
586 2798 625 2801 —
648 2779 667 2805 b
700 2778 863 2811 Emend.
888 2788 935 2811 e2r
958 2778 1184 2810 habuerunt.

139 2924 150 2941 ¹
173 2921 266 2954 Vide
287 2921 383 2954 Lict.
413 2920 619 2960 Quadrim.
644 2920 705 2960 VI,
729 2921 801 2953 817.

139 2977 151 2995 2
174 2975 227 3007 Ex
250 2975 384 3016 origin.
410 2975 450 3006 in
473 2974 552 3007 cod.
576 2973 690 3015 Hisp.
715 2974 767 3013 98,
792 2973 828 3006 ff.
855 2974 926 3012 185,
954 2974 1030 3008 186:
1055 2973 1160 3014 prius
1183 2973 1256 3004 321.
1281 2972 1323 3004 In
1346 2971 1381 3004 ff.
1402 2972 1540 3003 eoo-205
1562 2971 1712 3003 exstant

76 3028 150 3061 tria
173 3028 339 3060 eiusdem
362 3027 530 3069 exempla
552 3027 672 3060 latina
694 3027 783 3060 data
809 3026 889 3059 VIII
912 3026 998 3059 idus
1022 3026 1150 3058 Maias
