2099 3516
395 232 459 267 178
859 234 1060 271 LITTERAE
1087 236 1431 280 QUADffiMEsTREs

344 362 411 390 me
441 351 664 391 miserimo
695 355 931 403 peccatore,
964 356 1011 393 ut
1039 354 1123 393 sim
1158 355 1332 394 stabilis
1361 358 1402 395 et
1431 356 1687 404 immobilis,
1720 358 1955 397 abundans

344 416 389 454 in
418 427 547 466 opere
576 416 736 456 Domni
779 430 962 468 semper.
998 419 1043 458 V.
1076 419 1125 457 R.
1161 420 1206 458 P.
1253 419 1518 460 incolumem
1562 421 1691 460 nobis
1733 422 1809 461 diu
1852 433 1956 462 con-

343 482 490 520 seruet
518 480 721 521 Christus
751 483 887 532 Iesus,
919 483 995 532 qui
1039 485 1104 521 est
1137 495 1269 534 super
1298 484 1376 523 hec
1405 484 1554 524 omnia
1594 485 1649 525 sit
1686 497 1857 537 semper
1885 487 1957 526 be—

343 545 544 584 nedictus
574 548 600 585 ¹.
652 569 696 573 —
731 547 913 596 Tornacj
959 549 1011 586 30
1039 555 1053 572 ἃ
1102 548 1243 587 Martii
1280 549 1374 587 1561
1409 573 1457 576 —
1488 550 1536 590 V.
1570 550 1618 589 R.
1666 551 1712 591 P.
1744 551 1957 601 indignus

342 620 499 649 seruus
529 610 574 649 in
604 611 681 649 X.0

1375 702 1560 741 [OANNES
1592 703 1858 741 MORTAIGNE
1888 704 1902 726 ‘³

425 833 646 884 Rogamus
675 846 822 873 amore
851 834 1013 873 Christi
1044 835 1098 873 ad
1129 847 1210 874 nos
1243 835 1351 885 mittj
1376 848 1512 886 grana
1536 837 1702 875 rosaria
1722 839 1800 877 etc,
1829 838 1955 876 bene-

340 896 457 936 dicta
498 909 595 937 cum
642 898 834 948 thesaurj
866 898 1174 939 declaratione.
1219 899 1400 939 Ostendi
1444 900 1525 939 has
1567 901 1735 939 litteras
1774 901 1955 940 domino

340 961 515 1001 Decano
544 964 585 1001 et
614 962 926 1002 canonicorum
969 963 1251 1013 quibusdam,
1283 965 1359 1015 qui
1402 965 1465 1003 eis
1499 965 1739 1015 plurimum
1770 977 1954 1016 congra-

339 1026 466 1076 tulatj
500 1027 691 1072 fuerunt,
723 1029 764 1066 et
797 1039 870 1066 eas
900 1028 954 1066 ad
986 1028 1036 1067 R.
1061 1028 1110 1067 V.
1145 1029 1190 1069 P.
1222 1029 1332 1079 mittj
1366 1029 1604 1069 iusserunt.
1636 1030 1792 1069 Postea
1821 1030 1952 1069 etiam

339 1091 511 1130 ostendi
555 1093 806 1141 praesentes
849 1092 1017 1131 litteras
1064 1093 1263 1143 pluribus
1306 1094 1407 1144 alijs
1449 1094 1690 1143 canonicis,
1724 1094 1769 1133 in
1803 1095 1955 1145 primis

339 1155 519 1195 domino
550 1156 748 1206 Dolgnye
778 1158 806 1199 ³.
839 1157 914 1207 qui
944 1157 1202 1208 designatus
1235 1158 1482 1209 episcopus,
1508 1171 1626 1198 nunc
1655 1161 1799 1198 autem
1824 1171 1952 1198 cano-

340 1220 466 1258 nicus
495 1220 724 1259 coadiutor
765 1223 807 1260 et
836 1221 1028 1260 vicarius
1056 1224 1121 1261 est
1149 1223 1358 1274 episcopj.
1398 1224 1565 1263 Horum
1596 1224 1794 1263 omnium
1840 1235 1953 1263 com-

341 1284 551 1323 missione
580 1285 661 1323 has
690 1285 816 1324 mitto
845 1286 899 1324 ad
933 1286 980 1325 V.
1016 1287 1063 1326 R.
1096 1287 1142 1325 P.
1176 1299 1306 1337 quam
1338 1288 1422 1338 ipsi
1454 1288 1499 1327 in
1530 1289 1641 1328 Dno.
1678 1300 1955 1338 summopere

338 1349 574 1388 salutatam
617 1350 817 1400 cupiunt,
862 1362 1036 1390 omnem
1079 1353 1118 1390 et
1162 1364 1288 1402 opem
1318 1355 1359 1392 et
1390 1354 1585 1392 fauorem
1616 1353 1819 1403 Societatj
1852 1353 1954 1392 offe-

340 1415 495 1453 rentes.
527 1437 577 1441 —
606 1414 650 1453 Si
696 1415 744 1455 R.
775 1415 825 1454 V.
860 1416 905 1454 P.
940 1416 1165 1466 placuerit,
1199 1417 1345 1456 licebit
1375 1429 1525 1457 secure
1554 1421 1595 1457 et
1623 1418 1822 1468 expedite
1852 1417 1955 1456 scri-

341 1479 438 1517 [oere
468 1478 522 1517 ad
553 1491 634 1518 nos
664 1491 739 1529 per
768 1480 886 1519 hunc
917 1479 933 1505 ¹>
966 1483 1149 1531 postam.

419 1543 571 1593 Sigilli
600 1546 850 1595 vestigium.

1084 1795 1197 1841 496

619 1932 671 1981 Ρ.
722 1932 1110 1982 LUDOVICUS
1157 1933 1245 1982 DE
1292 1934 1672 1984 COUDRETO

736 2080 756 2104 E
784 2080 910 2105 VALLE
938 2081 986 2105 DE
1013 2080 1142 2106 STURA
1170 2071 1192 2105 5
1218 2082 1378 2106 APRlLls
1409 2072 1492 2106 1561
1521 2073 1545 2107 ⁴.

335 2191 420 2225 1-3.
451 2188 512 2225 De
543 2188 705 2226 litteris
734 2190 854 2227 ultro
876 2190 1070 2239 citroque.
1091 2192 1257 2228 missis.
1284 2191 1408 2229 Nihil
1434 2192 1541 2230 certi
1571 2192 1620 2230 (le
1640 2193 1794 2241 futuro
1825 2192 1954 2231 colle-

440 2254 512 2301 ‚qio
542 2254 710 2292 Montis
730 2255 912 2303 Reyazis
934 2255 1074 2294 (licere
1089 2257 1246 2305 potest.
1279 2257 1460 2306 Dial09i
1484 2257 1640 2295 contra
1665 2257 1952 2296 bacchanalia

439 2319 605 2357 Romae
625 2319 806 2358 exhibiti
826 2320 1075 2370 exemplum
1095 2321 1249 2359 habere
1270 2323 1403 2371 cupit.
1427 2322 1479 2359 P.
1505 2323 1705 2360 limatus
1733 2323 1948 2371 aegrotat.

442 2405 490 2408 —
510 2387 553 2421 4.
576 2385 632 2422 In
653 2384 846 2423 vallibus
876 2385 926 2423 de
956 2384 1094 2424 Stura
1122 2387 1159 2424 et
1180 2386 1428 2424 Barcelona
1458 2387 1740 2426 contionatus
1761 2388 1836 2426 est.
1860 2388 1952 2426 Ali·

442 2450 518 2496 qui
558 2448 767 2487 haeretici
796 2450 1118 2488 convertuntur
1134 2465 1145 2496 ,·
1175 2450 1296 2489 dubii
1318 2451 1668 2499 confirmantur;
1690 2451 1789 2490 boavi
1810 2453 1952 2491 catho-

444 2513 518 2550 lici
545 2514 594 2551 in
624 2513 705 2561 fide
734 2514 1007 2553 solidantur.

396 2666 412 2684 a
431 2659 471 2689 :30
492 2668 615 2699 snpra
644 2668 756 2692 vers..
782 2659 900 2691 deleto
926 2660 963 2691 12
979 2661 994 2691 ἵ)
1018 2679 1055 2681 ξ
1081 2661 1097 2686 l»
1120 2660 1177 2691 lla
1202 2661 1360 2692 videtur
1382 2662 1573 2702 scriptum
1608 2662 1647 2693 in
1675 2671 1743 2694 ms.

399 2798 405 2813 ¹
431 2795 481 2827 Cf.
508 2796 602 2827 Rom.
628 2796 688 2835 IX,
718 2797 747 2828 5.

396 2852 407 2867 ²
432 2849 481 2880 De
517 2849 699 2889 epistulae
722 2851 870 2882 auctore
903 2851 984 2882 vide
1020 2851 1142 2891 Epist.
1184 2851 1223 2883 P.
1263 2851 1410 2885 Nadal.
1439 2852 1483 2890 ΙΙ,
1508 2852 1588 2887 564:
1614 2853 1650 2883 et
1677 2852 1717 2884 A.
1751 2852 1949 2888 Poxcfflffl,

335 2901 357 2932 l.
383 2910 412 2932 c.
438 2901 464 2936 Ι,
491 2902 550 2932 144
572 2902 608 2933 et
632 2911 711 2942 sqq.

395 2957 406 2972 ³³
429 2953 615 2986 Gilbertus
638 2954 682 2986 de
699 2955 860 2995 Olgnies,
878 2956 943 2996 qui
966 2965 1064 2987 anno
1089 2957 1168 2987 1565
1190 2956 1319 2988 Carolo
1342 2957 1434 2997 Croy
1468 2958 1505 2989 in
1522 2958 1737 2998 episcopatu
1755 2958 1949 2989 successit.

397 3008 407 3024 ‘¹
454 3007 502 3038 Ex
526 3008 670 3048 autogr.
697 3008 735 3039 in
759 3008 835 3040 cod.
862 3008 950 3039 Jlal.
976 3009 1058 3047 117,
1083 3008 1118 3041 ff.
1146 3010 1300 3042 156-157:
1326 3010 1430 3050 prius
1452 3011 1599 3043 355-356.
