2099 3516
522 290 603 327 628.
632 312 676 317 —
704 291 892 328 B0N0N1A
921 292 964 328 10
992 292 1219 329 FEBRUARH
1249 293 1339 329 1562
1656 293 1721 328 781

225 408 262 447 17.
290 403 677 449 'JhsssAdmodum
702 408 752 450 R.
785 410 831 449 in
861 410 1037 451 Christo
1068 412 1163 451 Pre.
1196 413 1277 452 etc.
1311 412 1401 451 Pax
1423 411 1541 451 Chri.
1573 413 1653 451 etc.
1677 411 1769 450 Etsi

145 474 322 523 propter
364 473 527 512 multas
570 476 612 512 et
640 482 658 500 a
686 475 891 514 insolitas
938 476 1250 526 occupationes
1298 476 1433 516 huius
1475 476 1648 527 collegij
1695 477 1768 515 bo-

144 536 376 576 noniensis
417 539 604 576 octauus
634 538 719 577 iam
751 537 768 564 b
808 540 973 579 mensis
1003 540 1141 587 adest,
1186 552 1238 579 ex
1273 552 1361 590 quo
1408 540 1578 579 nullam
1625 552 1767 579 rerum

144 603 396 640 nostrarum
439 601 654 641 rationein
702 603 751 642 R.
786 604 832 644 P.
864 604 930 653 T.,
982 606 1029 643 ut
1076 616 1172 644 mos
1201 607 1267 644 est
1296 604 1529 644 Societatis
1575 606 1768 652 nostrae,

144 666 418 706 reddidimus
449 668 485 713 1;
518 666 579 705 ita
609 669 754 706 tamen
777 668 822 707 in
854 669 936 708 hoc
958 681 1137 709 munere
1168 670 1277 708 mihi
1299 682 1323 708 a
1345 672 1498 709 sancta
1517 669 1770 709 obedientia

142 731 351 782 imposito
381 742 449 770 me
478 743 627 782 gerere
647 733 854 779 conabor,
888 736 935 772 ut
964 734 1201 773 diuturnae
1232 734 1578 774 intermissionis
1608 734 1768 774 uitium

141 808 231 836 non
252 796 469 836 orationis
489 796 784 847 longitudine,
812 799 887 837 sed
909 811 1041 849 quam
1066 800 1329 839 breuissima
1350 811 1494 839 rerum
1517 801 1769 848 nostrarum

141 861 432 912 expositione,
464 872 758 911 compensem.
793 862 952 913 Atque,
986 866 1034 902 ut
1054 876 1077 902 a
1114 865 1244 903 rebus
1264 863 1519 903 domesticis
1539 864 1769 904 exordium

140 921 338 974 sumens,
369 926 587 978 gradatim
618 927 673 966 ad
702 939 767 974 ea,
800 940 912 978 quae
943 928 1050 968 foris
1079 932 1183 968 sunt
1217 929 1262 968 in
1294 930 1371 968 Dei
1403 929 1589 980 gloriam
1621 932 1661 969 et
1692 941 1766 969 sa-

140 992 275 1031 lutem
299 991 550 1031 animarum
571 994 708 1043 gesta,
743 993 1024 1043 progrediar;
1058 1006 1214 1034 sumus
1236 995 1281 1033 in
1304 995 1386 1033 boc
1406 994 1594 1045 collegio
1615 1007 1770 1035 omnes

142 1057 207 1105 15,
237 1057 318 1096 4.οΓ
353 1056 565 1096 nimirum
595 1058 860 1103 sacerdotes,
892 1070 1081 1109 quorum
1113 1071 1230 1099 unus
1260 1061 1528 1110 praeceptor,
1561 1061 1653 1099 tum
1690 1060 1766 1112 alij

141 1123 444 1173 praeceptores
474 1122 578 1169 duo,
610 1122 883 1172 reliquorum
916 1135 1020 1162 uero
1064 1124 1249 1163 fratrum
1280 1136 1382 1174 pars
1412 1124 1572 1163 litteris
1623 1127 1765 1173 uacat,

140 1187 271 1227 ceteri
319 1187 518 1238 negocijS
565 1187 863 1227 familiaribus
906 1188 1170 1229 inseruiunt.
1221 1189 1398 1240 [Omnes
1445 1191 1609 1230 valent.
1647 1191 1770 1241 Viget

141 1254 383 1303 disciplina
412 1251 660 1303 religiosa]

161 1328 181 1337 ‘¹
219 1318 258 1358 2.
291 1317 554 1357 Animarum
587 1330 691 1357 uero
720 1318 855 1357 saluti
885 1318 1228 1369 diligentissime
1258 1319 1447 1370 quisque
1476 1331 1555 1370 pro
1584 1320 1653 1359 sui
1676 1332 1769 1360 mu-

139 1385 260 1422 neris
291 1383 476 1432 ratione‚
522 1385 571 1422 ut
613 1383 866 1422 consultum
911 1383 967 1422 sit
1010 1383 1182 1423 efficere
1226 1386 1440 1433 conatur;
1486 1396 1588 1423 nam
1634 1387 1682 1424 ut
1715 1385 1768 1424 de

140 1448 499 1499 praeceptoribus
529 1449 672 1499 primo
702 1448 798 1488 loco
842 1449 1001 1493 dicam,
1052 1449 1079 1499 ij
1114 1451 1227 1488 certe
1257 1461 1356 1488 cum
1407 1449 1573 1489 mutuis
1615 1450 1767 1501 dispu-

137 1513 398 1561 tationibus,
430 1513 621 1565 aliJ‘sque
650 1513 696 1552 id
726 1525 865 1564 genus
895 1513 1050 1563 offitijs
1080 1514 1134 1552 ad
1165 1514 1410 1561 scientiam,
1443 1516 1535 1554 tum
1572 1515 1763 1554 maxime

138 1578 328 1629 priuatis
368 1578 648 1630 publicisque
686 1578 1071 1618 cohortationibus
1110 1590 1292 1618 suorum
1322 1579 1644 1630 discipulorum
1675 1580 1766 1619 ani-

139 1655 234 1683 mos
264 1644 319 1683 ad
350 1644 556 1695 pietatem
600 1644 840 1683 informare
884 1644 1077 1683 student.
1111 1644 1248 1683 Cuius
1279 1645 1336 1684 rei
1370 1656 1504 1684 causa
1547 1645 1765 1695 superiori

138 1721 288 1749 mense
317 1709 558 1748 Nouembri
591 1709 789 1760 proxime
818 1709 985 1759 elapso,
1017 1721 1105 1759 quo
1135 1709 1344 1748 nimirum
1378 1712 1573 1760 tempore
1602 1710 1767 1750 littera—

138 1785 234 1814 rum
265 1774 412 1814 studia
444 1776 549 1814 sunt
578 1774 843 1821 instaurata,
876 1774 921 1813 in
953 1776 1104 1813 nostro
1135 1775 1298 1825 templo
1327 1787 1352 1813 a
1374 1776 1652 1825 praeceptore
1681 1775 1767 1826 pri—

138 1850 235 1879 mae
264 1839 421 1879 classis
452 1839 606 1878 habita
636 1841 703 1878 est
733 1839 875 1878 oratio
905 1839 958 1878 de
987 1840 1149 1878 artium
1181 1839 1360 1878 illarum
1398 1839 1622 1887 laudibus,
1654 1852 1767 1891 quae

137 1904 184 1944 in
214 1905 379 1944 nostris
409 1904 576 1944 scholis
606 1904 783 1955 publice
817 1905 1068 1944 traduntur.
1118 1905 1453 1955 Praeceptorum
1497 1907 1644 1944 autem
1674 1907 1766 1945 stu—

136 1969 261 2010 dium
290 1971 332 2010 et
360 1969 609 2021 diligentia,
641 1982 774 2021 quam
805 1969 960 2009 diuina
1009 1982 1090 2020 ope
1120 1969 1261 2009 adiuti
1292 1969 1337 2008 in
1381 1969 1476 2009 suis
1505 1970 1766 2010 muneribus

136 2035 366 2083 adhibent,
398 2047 505 2074 sane
534 2036 596 2083 fit,
630 2038 678 2074 ut
708 2047 798 2074 non
829 2034 959 2074 modo
1003 2035 1032 2085 ij
1065 2034 1289 2085 discipuli,
1335 2046 1448 2085 quos
1493 2035 1605 2074 alias
1647 2035 1766 2086 apud

137 2112 219 2140 nos
261 2101 452 2140 exerceri
491 2100 862 2152 significauimus‚
895 2100 1051 2139 libenti
1100 2100 1249 2139 animo
1282 2102 1577 2150 perseuerent‚
1610 2112 1765 2140 uerum

135 2165 266 2206 etiam
298 2178 451 2206 eorum
482 2178 694 2206 numerus
736 2168 778 2205 et
823 2177 1082 2216 progressus
1113 2165 1159 2204 in
1206 2165 1300 2204 dies
1350 2165 1492 2215 magis
1536 2165 1766 2217 magisque

136 2234 366 2284 augeatur.
399 2232 507 2271 Nam
539 2244 690 2271 eorum
721 2231 797 2282 qui
829 2231 1073 2270 rhetoricae
1104 2230 1303 2270 facultati
1334 2230 1442 2269 dant
1479 2242 1672 2281 operam,
1718 2233 1767 2271 ut

136 2297 189 2336 de
218 2296 375 2336 ceteris
404 2296 625 2336 classibus
656 2298 839 2343 taceam,
873 2296 955 2335 hoc
985 2307 1103 2334 anno
1133 2306 1347 2334 numerus
1380 2306 1490 2345 pene
1528 2297 1595 2334 est
1622 2295 1767 2346 dupli-

135 2363 284 2410 catus3
317 2362 433 2401 inter
475 2373 587 2413 quos
617 2364 721 2401 sunt
770 2361 977 2400 nonnulli
1009 2372 1097 2399 non
1143 2360 1345 2399 obscuris
1388 2359 1647 2410 parentibus
1680 2360 1765 2400 orti

130 2426 337 2478 Juuenes‚
369 2427 446 2478 qui
476 2439 576 2466 cum
609 2426 855 2466 Bononiam
904 2425 1111 2465 studendi
1142 2425 1285 2476 gratia
1332 2424 1515 2475 profecti
1562 2425 1765 2475 publicos

135 2492 266 2532 ludos
295 2492 526 2544 adijssent,
561 2503 661 2531 mox
692 2492 738 2531 in
769 2499 783 2517 ὓ
819 2493 994 2530 nostras
1024 2490 1215 2535 scholaS,
1248 2492 1460 2540 tanquam
1495 2490 1540 2528 in
1571 2491 1762 2540 portum,

135 2569 232 2597 sese
252 2559 523 2609 receperunt.
546 2557 635 2608 Alij
660 2569 764 2597 uero
786 2556 1054 2596 nobiliorum
1086 2554 1434 2594 adolescentium
1462 2557 1765 2606 praeceptores

135 2634 225 2661 una
253 2633 353 2662 cum
384 2622 479 2662 suis
508 2621 742 2672 discipulis
773 2622 948 2660 nostras
977 2620 1141 2659 classes
1170 2618 1189 2644 <1
1222 2631 1396 2669 magna,
1429 2621 1478 2659 ut
1506 2631 1610 2670 prae
1640 2631 1686 2659 se
1707 2620 1764 2659 fe-

135 2689 254 2736 runt,
286 2687 515 2738 uoluptate
562 2687 857 2738 frequentant.
908 2685 1104 2735 Quorum
1148 2684 1347 2724 omnium
1378 2684 1423 2723 in
1453 2684 1615 2736 studiJ's
1657 2685 1762 2724 dili—

134 2752 345 2803 gentiam,
376 2752 482 2792 hinc
511 2752 613 2792 licet
644 2751 892 2802 intelligere
927 2759 957 2798 0,
1004 2750 1122 2801 quod
1153 2749 1360 2788 nonnulli
1404 2751 1575 2800 praeter
1617 2750 1763 2801 quoti-

196 2920 215 2939 a
234 2907 271 2944 et
294 2921 422 2953 supra
445 2921 546 2944 vers.
572 2930 611 2934 —
634 2911 653 2937 b
674 2911 748 2942 iam
771 2920 897 2951 supra
925 2919 1024 2941 vers.
1048 2928 1086 2931 —
1112 2918 1126 2936 c
1147 2917 1229 2940 mox
1249 2908 1287 2940 in
1311 2917 1436 2949 snpra
1461 2912 1561 2940 veris.
1580 2927 1619 2930 —
1642 2908 1659 2935 d
1680 2918 1763 2941 nos-

135 2965 212 2997 tras
234 2965 372 2997 classes
395 2974 522 3006 supra
546 2973 649 2997 vers,
673 2982 713 2986 —
737 2972 752 2990 e
774 2963 935 2995 Emend.
960 2972 1007 2994 es
1033 2962 1216 3002 colligere.

198 3080 207 3097 ¹
230 3077 324 3111 Vide
347 3087 382 3119 p.
406 3077 468 3110 325
491 3086 571 3119 sqq.
