2099 3516
581 274 662 310 536.
687 295 734 299 —
759 273 942 310 COLONlA
967 274 989 309 4
1014 272 1120 309 ltmn
1149 273 1236 308 1561
1609 273 1678 309 363

99 393 208 433 locis
237 393 442 444 reperies)
473 393 804 432 confirmantur.
837 391 1038 442 Singulis
1066 391 1185 430 enim
1216 392 1304 430 fere
1333 391 1386 430 de
1416 392 1549 431 rebus
1578 391 1727 431 catho-

97 456 181 497 lice
208 457 412 504 audiunt,
443 468 557 508 quae
589 456 752 508 passim
782 455 1006 502 haeretici,
1037 457 1115 494 aut
1143 455 1279 495 dubia
1309 455 1492 502 faciunt,
1524 459 1601 495 aut
1629 467 1727 506 por-

99 523 219 561 tenta
247 522 480 561 hominum
510 522 770 561 acclamant.
819 520 933 560 Hinc
962 527 980 546 a
1010 520 1141 559 auide
1179 520 1417 559 admodum
1449 532 1499 559 ac
1528 520 1727 560 studiose

98 586 304 626 catholici
334 586 538 632 audiunt,
571 587 664 625 tum
694 585 811 636 quod
843 585 995 624 multis
1026 587 1140 624 retro
1170 585 1362 624 saeculis
1392 585 1506 624 nihil
1536 585 1623 624 tale
1651 597 1728 624 au-

98 650 276 699 dierint,
300 653 393 690 tum
422 651 541 702 quod
570 651 679 690 fides
699 662 832 701 quam
863 661 1020 689 sumus
1049 662 1073 689 a
1104 650 1364 700 parentibus
1394 649 1727 700 maioribusque

97 715 238 767 edoctj
270 727 361 755 non
391 715 481 755 sint
511 716 650 755 anilia
679 715 898 766 quaedam
928 717 969 754 et
1000 715 1137 754 stulta
1168 715 1418 757 hominum.
1444 717 1487 753 vt
1516 714 1726 753 haeretici

99 780 390 827 mentiuntur,
435 782 696 821 commenta.
743 779 862 819 Idem
907 779 1037 818 Pater
1065 779 1109 818 in
1151 779 1317 818 scholis
1353 779 1520 818 nostris
1549 779 1602 817 de
1633 790 1728 829 pas—

99 845 224 884 sione
266 844 444 896 Dominj
475 845 728 884 contionem
758 844 829 884 die
859 845 956 895 ipso
1001 844 1249 894 palmarum
1280 844 1325 883 in
1355 846 1558 895 quartam
1593 855 1728 894 vsque

101 910 254 950 horam
298 909 488 957 diduxit,
520 922 654 961 quam
699 911 908 960 putamus
951 921 1042 948 non
1086 909 1277 948 fructum
1322 909 1532 959 exiguum
1573 908 1728 948 tulisse

100 974 395 1014 auditoribus.

178 1040 218 1080 4.
252 1039 344 1079 Hoc
374 1041 598 1090 praeterea
629 1039 940 1091 quadrimestri
963 1041 1128 1090 septem
1153 1039 1199 1078 in
1220 1038 1484 1079 Societatem
1515 1039 1727 1090 praeclarj

100 1104 403 1144 adolescentes
431 1104 615 1144 admissi
646 1107 765 1149 sunt,
797 1117 985 1156 quorum
1018 1106 1105 1143 tres
1125 1106 1230 1144 sunt
1260 1104 1522 1151 leodienses,
1554 1103 1730 1155 egregia

100 1170 241 1210 forma
270 1172 311 1209 et
341 1170 504 1209 indole.
547 1170 599 1209 Et
628 1170 675 1209 in
706 1170 762 1221 ijs
792 1169 970 1221 quidem
1020 1181 1150 1217 vnus,
1199 1181 1299 1209 cum
1330 1181 1354 1208 a
1385 1169 1646 1219 parentibus
1674 1168 1730 1207 ad

100 1235 279 1286 negotia
307 1246 553 1286 causasque
596 1235 793 1274 forenses
835 1237 951 1274 esset
988 1235 1209 1279 admotus,
1255 1234 1559 1285 coepissetque
1589 1234 1644 1272 ab
1674 1233 1731 1285 ijs

100 1301 423 1347 exhorrescere,
455 1312 507 1339 ex
538 1312 700 1350 magno
729 1300 889 1339 salutis
923 1300 1195 1347 discrimine,
1228 1299 1274 1339 in
1304 1312 1392 1350 quo
1423 1299 1467 1338 id
1498 1299 1729 1338 hominum

101 1377 242 1416 genus
272 1366 474 1404 versatur
503 1365 759 1415 plurimum,
793 1365 971 1415 iamque
1005 1367 1225 1416 expeteret
1255 1364 1419 1404 Christi
1461 1364 1608 1414 potius
1641 1375 1732 1403 ves-

100 1430 223 1482 tigijS
265 1442 433 1481 pauper
479 1430 699 1477 insistere,
748 1442 882 1481 quam
935 1430 980 1469 in
1024 1430 1172 1469 causis
1219 1430 1463 1469 tractandis
1511 1430 1731 1479 rebusque

102 1495 356 1535 forensibus
384 1495 568 1543 versari,
600 1495 713 1534 clam
744 1507 769 1534 a
800 1496 1061 1546 parentibus
1090 1507 1185 1534 sese
1214 1495 1484 1540 subducens,
1521 1495 1608 1533 huc
1638 1506 1732 1544 pro·

102 1561 216 1612 fugit
244 1563 457 1612 tanquam
478 1560 533 1600 ad
559 1560 781 1612 quoddam
813 1572 919 1599 suae
949 1560 1109 1599 salutis
1139 1560 1329 1611 asylum,
1352 1562 1395 1599 et
1415 1560 1471 1598 ad
1491 1562 1732 1599 extremam

103 1628 202 1678 post
230 1626 510 1677 naufragium
545 1626 758 1665 tabulam.
792 1626 849 1664 At
879 1625 952 1664 vbi
984 1627 1188 1676 parentes
1222 1626 1318 1664 eius
1348 1625 1500 1676 studij,
1533 1627 1574 1663 et
1604 1624 1733 1663 cuius

102 1692 149 1731 in
179 1691 439 1731 Societatem
470 1693 587 1730 esset
616 1691 771 1742 animj,
805 1691 982 1730 tandem
1014 1691 1070 1729 ab
1099 1702 1150 1729 eo
1181 1691 1282 1741 factj
1315 1693 1419 1730 sunt
1449 1689 1631 1741 conscij,
1663 1701 1733 1728 vo-

101 1756 267 1796 cationi
312 1756 437 1795 nullo
481 1758 607 1807 pacto
650 1758 971 1807 repugnarunt.
1005 1756 1071 1795 Ad
1105 1756 1280 1795 culinae
1319 1755 1614 1794 ministerium
1649 1754 1734 1805 pri-

104 1834 224 1862 mum
254 1821 479 1861 admissus
507 1824 588 1868 est,
620 1822 665 1860 in
697 1834 784 1872 qua
816 1821 892 1860 vili
923 1823 965 1860 et
995 1821 1175 1860 sordida
1208 1824 1325 1860 veste
1369 1821 1568 1865 indutus,
1610 1822 1734 1859 tanta

103 1887 241 1926 animi
285 1886 586 1926 submissione
629 1889 762 1937 atque
809 1886 1043 1937 diligentia
1072 1898 1153 1925 suo
1185 1888 1443 1937 perfunctus
1472 1888 1538 1924 est
1567 1885 1731 1933 officio,

104 1954 151 1991 vt
179 1952 355 2003 insigne
385 1963 491 1991 suae
521 1951 688 1991 indolis
730 1952 953 2002 specimen
997 1952 1127 1990 nohis
1172 1951 1413 2002 reliquerit,
1459 1951 1574 2001 quod
1608 1953 1649 1989 et.
1679 1950 1733 1989 ad

104 2017 338 2058 Societatis
368 2018 521 2056 munia
563 2018 768 2057 obeunda
799 2018 855 2056 sit
886 2017 1064 2056 futurus
1108 2018 1311 2063 idoneus,
1344 2020 1383 2056 et
1415 2017 1625 2055 ecvlesiae
1656 2015 1734 2055 Dei

103 2083 372 2134 quandoque
401 2083 523 2122 Vtilis
543 2085 585 2122 et
605 2083 931 2122 accommodus.
966 2083 1122 2122 Annos
1153 2083 1262 2121 forte
1295 2085 1426 2121 natus
1456 2084 1521 2120 est
1559 2083 1620 2123 19,
1659 2084 1736 2121 aut

103 2149 156 2187 <20
184 2148 239 2187 ad
269 2159 508 2187 summum.
542 2148 666 2187 Alter
695 2150 761 2187 est
790 2148 1020 2187 nobilibus
1050 2150 1174 2187 ortus
1207 2148 1480 2198 parentibus.
1515 2147 1629 2185 iuter
1651 2147 1734 2185 tra-

105 2215 193 2253 tres
236 2206 342 2252 natu
392 2213 628 2260 maximus,
674 2213 729 2252 ad
759 2225 903 2264 quem,
935 2213 972 2252 si
1003 2214 1231 2252 saeculum
1280 2213 1439 2251 fuisset
1486 2212 1732 2259 amplexus,

105 2280 288 2330 paterno
317 2280 360 2318 et
389 2278 532 2329 patrio
562 2278 657 2318 iure
687 2278 869 2329 quidam
899 2278 1157 2317 dominatus
1186 2278 1524 2318 deuolueliatur.
1561 2278 1639 2316 Hir
1661 2289 1735 2316 an—

106 2356 212 2384 num
242 2345 293 2383 202
323 2344 526 2390 excessit,
562 2347 604 2383 vt
635 2344 817 2395 opinor;
867 2343 1071 2383 militiam
1116 2344 1294 2383 iuuenis
1336 2344 1522 2394 primum
1556 2345 1736 2382 secutus

104 2411 194 2457 est3
226 2411 326 2460 post
355 2409 587 2449 cuiusdam
617 2409 807 2457 abbatis,
839 2411 932 2449 tum
964 2409 1144 2453 nobilis,
1177 2412 1269 2449 tum
1301 2410 1462 2459 opibus
1496 2408 1734 2452 affluentis,

106 2474 249 2513 factus
269 2476 335 2513 est
355 2486 637 2514 oeconomus.
668 2473 805 2524 Quem
837 2474 1014 2513 demum
1037 2474 1109 2513 vbi
1139 2474 1253 2513 vitae
1282 2473 1524 2513 saecularis
1554 2473 1734 2519 tederet,

103 2539 161 2579 ad
191 2539 452 2579 Societatem
482 2539 682 2579 animum
711 2539 886 2585 adiecit,
909 2542 951 2578 et
982 2542 1214 2590 postquam
1247 2551 1334 2578 non
1358 2539 1470 2578 nihil
1495 2538 1738 2577 rhetoricae

107 2604 367 2652 studuisset,
400 2605 447 2644 in
476 2604 738 2644 Societatem
778 2605 1016 2655 adoptatus
1045 2608 1125 2644 est.
1159 2605 1321 2644 Verum
1356 2605 1628 2655 parentibus,
1660 2603 1736 2655 qui

108 2670 259 2722 Leodij
304 2672 651 2718 commorantur,
695 2671 802 2710 dum
845 2670 983 2709 animi
1028 2671 1098 2710 sui
1144 2670 1501 2721 propensionem,
1551 2681 1651 2708 cum
1682 2669 1737 2708 ad

106 2735 385 2787 religionem,
431 2737 525 2775 tum
554 2735 625 2775 Vel
655 2735 846 2775 maxime
875 2735 929 2774 ad
965 2735 1198 2775 Societatis
1232 2735 1486 2775 institutum
1531 2734 1736 2784 aperiret,

108 2801 171 2840 ita
199 2812 275 2841 eos
303 2813 385 2841 suo
415 2813 617 2841 sermone
650 2802 908 2848 commouit,
940 2804 986 2840 vt
1015 2801 1257 2853 lachrymis
1286 2801 1472 2852 profusi,
1517 2812 1737 2840 summam

106 2865 148 2905 ei
178 2866 426 2906 libertatem
475 2866 658 2906 fecerint
704 2865 930 2906 Christum
978 2866 1258 2918 insequendi,
1304 2869 1347 2906 et
1375 2878 1426 2906 eo
1468 2878 1515 2905 se
1558 2865 1739 2905 nomine

169 3069 188 3089 a
206 3061 290 3094 Del.
314 3062 425 3095 enim.
