<?xml version="1.0" encoding="UTF-8"?>
<!DOCTYPE html PUBLIC "-//W3C//DTD XHTML 1.0 Transitional//EN"
    "http://www.w3.org/TR/xhtml1/DTD/xhtml1-transitional.dtd">
<html xmlns="http://www.w3.org/1999/xhtml" xml:lang="en" lang="en">
 <head>
  <title>
</title>
<meta http-equiv="Content-Type" content="text/html;charset=utf-8" />
  <meta name='ocr-system' content='tesseract 3.04.00' />
  <meta name='ocr-capabilities' content='ocr_page ocr_carea ocr_par ocr_line ocrx_word'/>
</head>
<body>
  <div class='ocr_page' id='page_1' title='image "./litteraequadrime19lain_0075.png"; bbox 0 0 2099 3516; ppageno 0'>
   <div class='ocr_carea' id='block_1_1' title="bbox 394 258 1376 298">
    <p class='ocr_par' dir='ltr' id='par_1_1' title="bbox 394 258 1376 298">
     <span class='ocr_line' id='line_1_1' title="bbox 394 258 1376 298; baseline -0.003 0"><span class='ocrx_word' id='word_1_1' title='bbox 394 263 543 298; x_wconf 49' lang='lat'>4699—</span> <span class='ocrx_word' id='word_1_2' title='bbox 573 260 807 295; x_wconf 75' lang='lat' dir='ltr'><strong>METHYMNA</strong></span> <span class='ocrx_word' id='word_1_3' title='bbox 836 258 967 294; x_wconf 82' lang='lat' dir='ltr'>CAMP1</span> <span class='ocrx_word' id='word_1_4' title='bbox 998 260 1041 293; x_wconf 83' lang='lat'>10</span> <span class='ocrx_word' id='word_1_5' title='bbox 1069 259 1261 296; x_wconf 76' lang='lat' dir='ltr'>IANUARH</span> <span class='ocrx_word' id='word_1_6' title='bbox 1294 260 1376 295; x_wconf 66' lang='lat'>1561</span> 
     </span>
    </p>
   </div>
   <div class='ocr_carea' id='block_1_2' title="bbox 73 379 1713 2652">
    <p class='ocr_par' dir='ltr' id='par_1_2' title="bbox 74 379 1707 683">
     <span class='ocr_line' id='line_1_2' title="bbox 75 379 1707 433; baseline -0.004 -9"><span class='ocrx_word' id='word_1_7' title='bbox 75 385 160 432; x_wconf 88' lang='lat' dir='ltr'>die,</span> <span class='ocrx_word' id='word_1_8' title='bbox 193 386 239 423; x_wconf 90' lang='lat' dir='ltr'>ut</span> <span class='ocrx_word' id='word_1_9' title='bbox 269 382 428 433; x_wconf 89' lang='lat' dir='ltr'>cuique</span> <span class='ocrx_word' id='word_1_10' title='bbox 449 389 465 407; x_wconf 58' lang='grc' dir='ltr'>ἃ</span> <span class='ocrx_word' id='word_1_11' title='bbox 496 392 573 431; x_wconf 87' lang='lat' dir='ltr'>per</span> <span class='ocrx_word' id='word_1_12' title='bbox 603 380 818 418; x_wconf 87' lang='lat' dir='ltr'>Rectoren</span> <span class='ocrx_word' id='word_1_13' title='bbox 841 379 956 425; x_wconf 84' lang='lat' dir='ltr'>licet,</span> <span class='ocrx_word' id='word_1_14' title='bbox 980 379 1044 418; x_wconf 89' lang='lat' dir='ltr'>sic</span> <span class='ocrx_word' id='word_1_15' title='bbox 1064 380 1269 418; x_wconf 87' lang='lat' dir='ltr'>sanctum</span> <span class='ocrx_word' id='word_1_16' title='bbox 1301 380 1552 417; x_wconf 85' lang='lat' dir='ltr'>ueneratur.</span> <span class='ocrx_word' id='word_1_17' title='bbox 1578 379 1707 418; x_wconf 83' lang='lat' dir='ltr'>Pater</span> 
     </span>
     <span class='ocr_line' id='line_1_3' title="bbox 79 443 1707 495; baseline -0.005 -6"><span class='ocrx_word' id='word_1_18' title='bbox 79 450 234 489; x_wconf 83' lang='lat' dir='ltr'>Rector</span> <span class='ocrx_word' id='word_1_19' title='bbox 263 450 291 495; x_wconf 79' lang='lat'>1,</span> <span class='ocrx_word' id='word_1_20' title='bbox 324 448 488 486; x_wconf 84' lang='lat' dir='ltr'>statuta</span> <span class='ocrx_word' id='word_1_21' title='bbox 519 445 710 495; x_wconf 82' lang='lat' dir='ltr'>quadam</span> <span class='ocrx_word' id='word_1_22' title='bbox 756 444 878 493; x_wconf 86' lang='lat' dir='ltr'>hora,</span> <span class='ocrx_word' id='word_1_23' title='bbox 914 443 1259 483; x_wconf 64' lang='lat' dir='ltr'>constitutiones</span> <span class='ocrx_word' id='word_1_24' title='bbox 1303 443 1631 492; x_wconf 85' lang='lat' dir='ltr'>interpretatur,</span> <span class='ocrx_word' id='word_1_25' title='bbox 1665 445 1707 481; x_wconf 80' lang='lat' dir='ltr'>et</span> 
     </span>
     <span class='ocr_line' id='line_1_4' title="bbox 75 507 1707 563; baseline -0.004 -10"><span class='ocrx_word' id='word_1_26' title='bbox 75 514 238 554; x_wconf 86' lang='lat' dir='ltr'>latinas</span> <span class='ocrx_word' id='word_1_27' title='bbox 267 511 457 563; x_wconf 85' lang='lat' dir='ltr'>regulas,</span> <span class='ocrx_word' id='word_1_28' title='bbox 486 521 599 561; x_wconf 90' lang='lat' dir='ltr'>quae</span> <span class='ocrx_word' id='word_1_29' title='bbox 629 521 770 560; x_wconf 84' lang='lat' dir='ltr'>nuper</span> <span class='ocrx_word' id='word_1_30' title='bbox 799 509 946 555; x_wconf 85' lang='lat' dir='ltr'>allate,</span> <span class='ocrx_word' id='word_1_31' title='bbox 979 520 1069 548; x_wconf 91' lang='lat' dir='ltr'>non</span> <span class='ocrx_word' id='word_1_32' title='bbox 1101 508 1343 547; x_wconf 87' lang='lat' dir='ltr'>mediocres</span> <span class='ocrx_word' id='word_1_33' title='bbox 1373 507 1503 546; x_wconf 85' lang='lat' dir='ltr'>nobis</span> <span class='ocrx_word' id='word_1_34' title='bbox 1532 508 1707 547; x_wconf 88' lang='lat' dir='ltr'>animos</span> 
     </span>
     <span class='ocr_line' id='line_1_5' title="bbox 75 572 1706 628; baseline -0.004 -10"><span class='ocrx_word' id='word_1_35' title='bbox 75 580 129 618; x_wconf 88' lang='lat' dir='ltr'>ad</span> <span class='ocrx_word' id='word_1_36' title='bbox 168 579 387 628; x_wconf 86' lang='lat' dir='ltr'>inceptam</span> <span class='ocrx_word' id='word_1_37' title='bbox 409 575 427 601; x_wconf 73' lang='lat'>¹&gt;</span> <span class='ocrx_word' id='word_1_38' title='bbox 466 575 585 615; x_wconf 88' lang='lat' dir='ltr'>uiam</span> <span class='ocrx_word' id='word_1_39' title='bbox 626 574 671 613; x_wconf 88' lang='lat' dir='ltr'>in</span> <span class='ocrx_word' id='word_1_40' title='bbox 711 574 870 625; x_wconf 75' lang='lat' dir='ltr'>spiritu</span> <span class='ocrx_word' id='word_1_41' title='bbox 911 573 1145 613; x_wconf 82' lang='lat' dir='ltr'>Societatis</span> <span class='ocrx_word' id='word_1_42' title='bbox 1189 572 1541 624; x_wconf 74' lang='lat' dir='ltr'>prosequendam</span> <span class='ocrx_word' id='word_1_43' title='bbox 1581 572 1706 611; x_wconf 89' lang='lat' dir='ltr'>addi-</span> 
     </span>
     <span class='ocr_line' id='line_1_6' title="bbox 74 644 247 683; baseline -0.006 0"><span class='ocrx_word' id='word_1_44' title='bbox 74 644 247 683; x_wconf 87' lang='lat' dir='ltr'>derunt.</span> 
     </span>
    </p>

    <p class='ocr_par' dir='ltr' id='par_1_3' title="bbox 73 702 1713 2652">
     <span class='ocr_line' id='line_1_7' title="bbox 153 702 1708 756; baseline -0.005 -9"><span class='ocrx_word' id='word_1_45' title='bbox 153 708 190 747; x_wconf 65' lang='grc'>2.</span> <span class='ocrx_word' id='word_1_46' title='bbox 227 708 275 746; x_wconf 95' lang='lat' dir='ltr'>ln</span> <span class='ocrx_word' id='word_1_47' title='bbox 306 706 468 756; x_wconf 83' lang='lat' dir='ltr'>studijs</span> <span class='ocrx_word' id='word_1_48' title='bbox 500 705 694 750; x_wconf 82' lang='lat' dir='ltr'>(uolente</span> <span class='ocrx_word' id='word_1_49' title='bbox 738 704 781 743; x_wconf 90' lang='lat' dir='ltr'>id</span> <span class='ocrx_word' id='word_1_50' title='bbox 821 704 868 743; x_wconf 90' lang='lat' dir='ltr'>D.</span> <span class='ocrx_word' id='word_1_51' title='bbox 904 703 1115 748; x_wconf 83' lang='lat' dir='ltr'>bonitate)</span> <span class='ocrx_word' id='word_1_52' title='bbox 1164 715 1253 742; x_wconf 93' lang='lat' dir='ltr'>non</span> <span class='ocrx_word' id='word_1_53' title='bbox 1296 702 1392 741; x_wconf 90' lang='lat' dir='ltr'>sine</span> <span class='ocrx_word' id='word_1_54' title='bbox 1437 702 1708 741; x_wconf 84' lang='lat' dir='ltr'>incremento</span> 
     </span>
     <span class='ocr_line' id='line_1_8' title="bbox 75 768 1708 824; baseline -0.004 -11"><span class='ocrx_word' id='word_1_55' title='bbox 75 773 294 824; x_wconf 81' lang='lat' dir='ltr'>pergitur;</span> <span class='ocrx_word' id='word_1_56' title='bbox 327 775 429 811; x_wconf 86' lang='lat' dir='ltr'>ante</span> <span class='ocrx_word' id='word_1_57' title='bbox 460 772 619 811; x_wconf 84' lang='lat' dir='ltr'>festum</span> <span class='ocrx_word' id='word_1_58' title='bbox 650 770 745 809; x_wconf 90' lang='lat' dir='ltr'>diui</span> <span class='ocrx_word' id='word_1_59' title='bbox 777 770 919 808; x_wconf 85' lang='lat' dir='ltr'>Lucae</span> <span class='ocrx_word' id='word_1_60' title='bbox 960 769 1186 819; x_wconf 83' lang='lat' dir='ltr'>generalia</span> <span class='ocrx_word' id='word_1_61' title='bbox 1229 768 1597 807; x_wconf 77' lang='lat' dir='ltr'>scholasticorum</span> <span class='ocrx_word' id='word_1_62' title='bbox 1630 768 1708 807; x_wconf 83' lang='lat' dir='ltr'>ha-</span> 
     </span>
     <span class='ocr_line' id='line_1_9' title="bbox 74 833 1708 884; baseline -0.004 -6"><span class='ocrx_word' id='word_1_63' title='bbox 74 838 254 878; x_wconf 84' lang='lat' dir='ltr'>buimus</span> <span class='ocrx_word' id='word_1_64' title='bbox 283 837 503 877; x_wconf 81' lang='lat' dir='ltr'>examina.</span> <span class='ocrx_word' id='word_1_65' title='bbox 538 838 583 875; x_wconf 89' lang='lat' dir='ltr'>ut</span> <span class='ocrx_word' id='word_1_66' title='bbox 615 835 660 874; x_wconf 90' lang='lat' dir='ltr'>in</span> <span class='ocrx_word' id='word_1_67' title='bbox 690 835 856 874; x_wconf 88' lang='lat' dir='ltr'>classes</span> <span class='ocrx_word' id='word_1_68' title='bbox 886 833 1195 873; x_wconf 86' lang='lat' dir='ltr'>diuiderentur</span> <span class='ocrx_word' id='word_1_69' title='bbox 1223 833 1388 884; x_wconf 80' lang='lat' dir='ltr'>quibus</span> <span class='ocrx_word' id='word_1_70' title='bbox 1431 835 1579 872; x_wconf 80' lang='lat' dir='ltr'>essent</span> <span class='ocrx_word' id='word_1_71' title='bbox 1610 845 1708 872; x_wconf 81' lang='lat' dir='ltr'>uer-</span> 
     </span>
     <span class='ocr_line' id='line_1_10' title="bbox 74 897 1707 953; baseline -0.004 -10"><span class='ocrx_word' id='word_1_72' title='bbox 74 903 228 942; x_wconf 85' lang='lat' dir='ltr'>saturi.</span> <span class='ocrx_word' id='word_1_73' title='bbox 261 902 435 953; x_wconf 80' lang='lat' dir='ltr'>Septem</span> <span class='ocrx_word' id='word_1_74' title='bbox 479 904 634 940; x_wconf 89' lang='lat' dir='ltr'>octoue</span> <span class='ocrx_word' id='word_1_75' title='bbox 665 913 717 939; x_wconf 83' lang='lat' dir='ltr'>ex</span> <span class='ocrx_word' id='word_1_76' title='bbox 747 899 1052 939; x_wconf 87' lang='lat' dir='ltr'>selectissimis</span> <span class='ocrx_word' id='word_1_77' title='bbox 1073 908 1087 924; x_wconf 51' lang='grc' dir='ltr'>Ε</span> <span class='ocrx_word' id='word_1_78' title='bbox 1119 898 1453 941; x_wconf 76' lang='lat' dir='ltr'>Salmanticam,</span> <span class='ocrx_word' id='word_1_79' title='bbox 1486 897 1707 947; x_wconf 78' lang='lat' dir='ltr'>insignem</span> 
     </span>
     <span class='ocr_line' id='line_1_11' title="bbox 74 963 1707 1017; baseline -0.003 -10"><span class='ocrx_word' id='word_1_80' title='bbox 74 968 360 1014; x_wconf 85' lang='lat' dir='ltr'>academiam,</span> <span class='ocrx_word' id='word_1_81' title='bbox 392 966 654 1017; x_wconf 87' lang='lat' dir='ltr'>disciplinas</span> <span class='ocrx_word' id='word_1_82' title='bbox 684 964 796 1004; x_wconf 85' lang='lat' dir='ltr'>alias</span> <span class='ocrx_word' id='word_1_83' title='bbox 826 964 1024 1003; x_wconf 84' lang='lat' dir='ltr'>discendi</span> <span class='ocrx_word' id='word_1_84' title='bbox 1057 963 1200 1014; x_wconf 84' lang='lat' dir='ltr'>gratia</span> <span class='ocrx_word' id='word_1_85' title='bbox 1225 963 1494 1014; x_wconf 86' lang='lat' dir='ltr'>petiuerunt.</span> <span class='ocrx_word' id='word_1_86' title='bbox 1517 974 1707 1013; x_wconf 86' lang='lat' dir='ltr'>quorum</span> 
     </span>
     <span class='ocr_line' id='line_1_12' title="bbox 76 1028 1706 1081; baseline -0.004 -9"><span class='ocrx_word' id='word_1_87' title='bbox 76 1033 171 1073; x_wconf 88' lang='lat' dir='ltr'>uice</span> <span class='ocrx_word' id='word_1_88' title='bbox 215 1033 379 1072; x_wconf 88' lang='lat' dir='ltr'>multos</span> <span class='ocrx_word' id='word_1_89' title='bbox 422 1031 535 1070; x_wconf 90' lang='lat' dir='ltr'>alios</span> <span class='ocrx_word' id='word_1_90' title='bbox 579 1030 778 1081; x_wconf 81' lang='lat' dir='ltr'>rependit</span> <span class='ocrx_word' id='word_1_91' title='bbox 824 1029 954 1068; x_wconf 87' lang='lat' dir='ltr'>nobis</span> <span class='ocrx_word' id='word_1_92' title='bbox 984 1029 1118 1075; x_wconf 89' lang='lat' dir='ltr'>Deus,</span> <span class='ocrx_word' id='word_1_93' title='bbox 1152 1028 1198 1067; x_wconf 92' lang='lat' dir='ltr'>in</span> <span class='ocrx_word' id='word_1_94' title='bbox 1228 1028 1299 1066; x_wconf 88' lang='lat' dir='ltr'>his</span> <span class='ocrx_word' id='word_1_95' title='bbox 1330 1028 1573 1067; x_wconf 86' lang='lat' dir='ltr'>monachos</span> <span class='ocrx_word' id='word_1_96' title='bbox 1603 1029 1706 1071; x_wconf 78' lang='lat' dir='ltr'>tres,</span> 
     </span>
     <span class='ocr_line' id='line_1_13' title="bbox 74 1092 1708 1143; baseline -0.004 -5"><span class='ocrx_word' id='word_1_97' title='bbox 74 1098 343 1138; x_wconf 78' lang='lat' dir='ltr'>sacerdotem</span> <span class='ocrx_word' id='word_1_98' title='bbox 376 1108 530 1138; x_wconf 76' lang='lat' dir='ltr'>unum.</span> <span class='ocrx_word' id='word_1_99' title='bbox 554 1098 596 1135; x_wconf 91' lang='lat' dir='ltr'>et</span> <span class='ocrx_word' id='word_1_100' title='bbox 621 1096 734 1135; x_wconf 87' lang='lat' dir='ltr'>alios</span> <span class='ocrx_word' id='word_1_101' title='bbox 763 1094 1035 1134; x_wconf 84' lang='lat' dir='ltr'>conditionis</span> <span class='ocrx_word' id='word_1_102' title='bbox 1065 1094 1184 1133; x_wconf 89' lang='lat' dir='ltr'>haud</span> <span class='ocrx_word' id='word_1_103' title='bbox 1210 1093 1404 1137; x_wconf 76' lang='lat' dir='ltr'>infimae,</span> <span class='ocrx_word' id='word_1_104' title='bbox 1427 1093 1504 1143; x_wconf 90' lang='lat' dir='ltr'>qui</span> <span class='ocrx_word' id='word_1_105' title='bbox 1536 1092 1708 1132; x_wconf 85' lang='lat' dir='ltr'>lucrum</span> 
     </span>
     <span class='ocr_line' id='line_1_14' title="bbox 74 1157 1706 1213; baseline -0.004 -11"><span class='ocrx_word' id='word_1_106' title='bbox 74 1166 116 1203; x_wconf 90' lang='lat' dir='ltr'>et</span> <span class='ocrx_word' id='word_1_107' title='bbox 145 1165 261 1202; x_wconf 87' lang='lat' dir='ltr'>artes</span> <span class='ocrx_word' id='word_1_108' title='bbox 290 1162 456 1213; x_wconf 87' lang='lat' dir='ltr'>quibus</span> <span class='ocrx_word' id='word_1_109' title='bbox 486 1160 622 1200; x_wconf 88' lang='lat' dir='ltr'>dediti</span> <span class='ocrx_word' id='word_1_110' title='bbox 653 1162 779 1199; x_wconf 87' lang='lat' dir='ltr'>erant</span> <span class='ocrx_word' id='word_1_111' title='bbox 810 1162 909 1210; x_wconf 90' lang='lat' dir='ltr'>post</span> <span class='ocrx_word' id='word_1_112' title='bbox 939 1158 1159 1205; x_wconf 86' lang='lat' dir='ltr'>habendo,</span> <span class='ocrx_word' id='word_1_113' title='bbox 1192 1158 1347 1210; x_wconf 54' lang='lat' dir='ltr'>pueris,</span> <span class='ocrx_word' id='word_1_114' title='bbox 1372 1157 1625 1207; x_wconf 80' lang='lat' dir='ltr'>adiungunt</span> <span class='ocrx_word' id='word_1_115' title='bbox 1645 1169 1706 1204; x_wconf 83' lang='lat' dir='ltr'>se,</span> 
     </span>
     <span class='ocr_line' id='line_1_15' title="bbox 74 1222 1705 1278; baseline -0.004 -11"><span class='ocrx_word' id='word_1_116' title='bbox 74 1228 163 1267; x_wconf 88' lang='lat' dir='ltr'>imo</span> <span class='ocrx_word' id='word_1_117' title='bbox 193 1229 383 1278; x_wconf 85' lang='lat' dir='ltr'>poscunt</span> <span class='ocrx_word' id='word_1_118' title='bbox 411 1225 673 1277; x_wconf 77' lang='lat' dir='ltr'>suppliciter</span> <span class='ocrx_word' id='word_1_119' title='bbox 693 1224 779 1263; x_wconf 86' lang='lat' dir='ltr'>sibi</span> <span class='ocrx_word' id='word_1_120' title='bbox 810 1224 985 1263; x_wconf 85' lang='lat' dir='ltr'>easdem</span> <span class='ocrx_word' id='word_1_121' title='bbox 1009 1235 1123 1274; x_wconf 88' lang='lat' dir='ltr'>quae</span> <span class='ocrx_word' id='word_1_122' title='bbox 1145 1222 1295 1273; x_wconf 90' lang='lat' dir='ltr'>pueris</span> <span class='ocrx_word' id='word_1_123' title='bbox 1316 1234 1482 1273; x_wconf 88' lang='lat' dir='ltr'>poenas</span> <span class='ocrx_word' id='word_1_124' title='bbox 1503 1222 1705 1273; x_wconf 85' lang='lat' dir='ltr'>irrogari.</span> 
     </span>
     <span class='ocr_line' id='line_1_16' title="bbox 76 1287 1710 1343; baseline -0.004 -11"><span class='ocrx_word' id='word_1_125' title='bbox 76 1293 167 1332; x_wconf 85' lang='lat' dir='ltr'>Hoc</span> <span class='ocrx_word' id='word_1_126' title='bbox 199 1294 420 1343; x_wconf 88' lang='lat' dir='ltr'>praeterea</span> <span class='ocrx_word' id='word_1_127' title='bbox 453 1291 499 1330; x_wconf 89' lang='lat' dir='ltr'>in</span> <span class='ocrx_word' id='word_1_128' title='bbox 530 1302 664 1333; x_wconf 86' lang='lat' dir='ltr'>anno,</span> <span class='ocrx_word' id='word_1_129' title='bbox 697 1290 857 1340; x_wconf 85' lang='lat' dir='ltr'>ingens</span> <span class='ocrx_word' id='word_1_130' title='bbox 887 1288 1258 1328; x_wconf 87' lang='lat' dir='ltr'>scholasticorum</span> <span class='ocrx_word' id='word_1_131' title='bbox 1303 1287 1429 1327; x_wconf 90' lang='lat' dir='ltr'>uisus</span> <span class='ocrx_word' id='word_1_132' title='bbox 1463 1290 1528 1326; x_wconf 87' lang='lat' dir='ltr'>est</span> <span class='ocrx_word' id='word_1_133' title='bbox 1558 1298 1710 1326; x_wconf 87' lang='lat' dir='ltr'>nume-</span> 
     </span>
     <span class='ocr_line' id='line_1_17' title="bbox 75 1352 1711 1409; baseline -0.004 -12"><span class='ocrx_word' id='word_1_134' title='bbox 75 1371 150 1398; x_wconf 89' lang='lat' dir='ltr'>rus</span> <span class='ocrx_word' id='word_1_135' title='bbox 180 1370 203 1397; x_wconf 93' lang='lat' dir='ltr'>e</span> <span class='ocrx_word' id='word_1_136' title='bbox 233 1357 360 1409; x_wconf 81' lang='lat' dir='ltr'>pagis</span> <span class='ocrx_word' id='word_1_137' title='bbox 392 1357 554 1396; x_wconf 89' lang='lat' dir='ltr'>uicinis</span> <span class='ocrx_word' id='word_1_138' title='bbox 584 1355 948 1401; x_wconf 78' lang='lat' dir='ltr'>aduenientium;</span> <span class='ocrx_word' id='word_1_139' title='bbox 982 1354 1141 1393; x_wconf 85' lang='lat' dir='ltr'>horum</span> <span class='ocrx_word' id='word_1_140' title='bbox 1173 1355 1336 1404; x_wconf 88' lang='lat' dir='ltr'>patres,</span> <span class='ocrx_word' id='word_1_141' title='bbox 1359 1365 1459 1392; x_wconf 88' lang='lat' dir='ltr'>cum</span> <span class='ocrx_word' id='word_1_142' title='bbox 1489 1365 1514 1391; x_wconf 87' lang='lat' dir='ltr'>a</span> <span class='ocrx_word' id='word_1_143' title='bbox 1544 1352 1711 1391; x_wconf 86' lang='lat' dir='ltr'>nostris</span> 
     </span>
     <span class='ocr_line' id='line_1_18' title="bbox 74 1418 1708 1473; baseline -0.004 -10"><span class='ocrx_word' id='word_1_144' title='bbox 74 1424 198 1463; x_wconf 88' lang='lat' dir='ltr'>uicos</span> <span class='ocrx_word' id='word_1_145' title='bbox 227 1426 268 1462; x_wconf 91' lang='lat' dir='ltr'>et</span> <span class='ocrx_word' id='word_1_146' title='bbox 298 1422 461 1473; x_wconf 89' lang='lat' dir='ltr'>oppida</span> <span class='ocrx_word' id='word_1_147' title='bbox 481 1421 709 1461; x_wconf 87' lang='lat' dir='ltr'>doctrinae</span> <span class='ocrx_word' id='word_1_148' title='bbox 730 1420 942 1460; x_wconf 87' lang='lat' dir='ltr'>dicendae</span> <span class='ocrx_word' id='word_1_149' title='bbox 972 1419 1114 1469; x_wconf 85' lang='lat' dir='ltr'>gratia</span> <span class='ocrx_word' id='word_1_150' title='bbox 1145 1419 1397 1470; x_wconf 86' lang='lat' dir='ltr'>frequenter</span> <span class='ocrx_word' id='word_1_151' title='bbox 1422 1418 1708 1465; x_wconf 79' lang='lat' dir='ltr'>abeuntibus,</span> 
     </span>
     <span class='ocr_line' id='line_1_19' title="bbox 73 1485 1710 1540; baseline -0.004 -12"><span class='ocrx_word' id='word_1_152' title='bbox 73 1489 211 1540; x_wconf 83' lang='lat' dir='ltr'>gratis</span> <span class='ocrx_word' id='word_1_153' title='bbox 240 1488 358 1539; x_wconf 86' lang='lat' dir='ltr'>apud</span> <span class='ocrx_word' id='word_1_154' title='bbox 389 1499 471 1527; x_wconf 90' lang='lat' dir='ltr'>nos</span> <span class='ocrx_word' id='word_1_155' title='bbox 500 1499 605 1526; x_wconf 89' lang='lat' dir='ltr'>suos</span> <span class='ocrx_word' id='word_1_156' title='bbox 636 1487 801 1526; x_wconf 87' lang='lat' dir='ltr'>liberos</span> <span class='ocrx_word' id='word_1_157' title='bbox 831 1485 998 1525; x_wconf 87' lang='lat' dir='ltr'>erudiri</span> <span class='ocrx_word' id='word_1_158' title='bbox 1030 1497 1158 1535; x_wconf 90' lang='lat' dir='ltr'>posse</span> <span class='ocrx_word' id='word_1_159' title='bbox 1179 1485 1511 1535; x_wconf 74' lang='lat' dir='ltr'>cognoscerent,</span> <span class='ocrx_word' id='word_1_160' title='bbox 1536 1495 1611 1522; x_wconf 89' lang='lat' dir='ltr'>eos</span> <span class='ocrx_word' id='word_1_161' title='bbox 1634 1495 1710 1522; x_wconf 90' lang='lat' dir='ltr'>no-</span> 
     </span>
     <span class='ocr_line' id='line_1_20' title="bbox 74 1547 1708 1601; baseline -0.004 -8"><span class='ocrx_word' id='word_1_162' title='bbox 74 1555 144 1594; x_wconf 87' lang='lat' dir='ltr'>bis</span> <span class='ocrx_word' id='word_1_163' title='bbox 173 1553 343 1593; x_wconf 81' lang='lat' dir='ltr'>lubenti</span> <span class='ocrx_word' id='word_1_164' title='bbox 376 1553 525 1592; x_wconf 89' lang='lat' dir='ltr'>animo</span> <span class='ocrx_word' id='word_1_165' title='bbox 557 1551 880 1597; x_wconf 88' lang='lat' dir='ltr'>traddiderunt,</span> <span class='ocrx_word' id='word_1_166' title='bbox 913 1551 1160 1601; x_wconf 86' lang='lat' dir='ltr'>diebusque</span> <span class='ocrx_word' id='word_1_167' title='bbox 1190 1550 1279 1589; x_wconf 89' lang='lat' dir='ltr'>fere</span> <span class='ocrx_word' id='word_1_168' title='bbox 1308 1548 1501 1599; x_wconf 80' lang='lat' dir='ltr'>singulis</span> <span class='ocrx_word' id='word_1_169' title='bbox 1527 1560 1670 1588; x_wconf 89' lang='lat' dir='ltr'>nouos</span> <span class='ocrx_word' id='word_1_170' title='bbox 1691 1547 1708 1573; x_wconf 69' lang='lat'>‘¹</span> 
     </span>
     <span class='ocr_line' id='line_1_21' title="bbox 74 1614 1707 1671; baseline -0.005 -11"><span class='ocrx_word' id='word_1_171' title='bbox 74 1620 319 1671; x_wconf 84' lang='lat' dir='ltr'>excipimus</span> <span class='ocrx_word' id='word_1_172' title='bbox 362 1618 666 1658; x_wconf 90' lang='lat' dir='ltr'>aduenientes.</span> <span class='ocrx_word' id='word_1_173' title='bbox 700 1617 762 1656; x_wconf 85' lang='lat' dir='ltr'>Ex</span> <span class='ocrx_word' id='word_1_174' title='bbox 792 1616 1020 1667; x_wconf 92' lang='lat' dir='ltr'>Vlisipolli</span> <span class='ocrx_word' id='word_1_175' title='bbox 1053 1615 1146 1667; x_wconf 76' lang='lat' dir='ltr'>[sic]</span> <span class='ocrx_word' id='word_1_176' title='bbox 1179 1615 1359 1667; x_wconf 86' lang='lat' dir='ltr'>quidem</span> <span class='ocrx_word' id='word_1_177' title='bbox 1406 1614 1529 1654; x_wconf 90' lang='lat' dir='ltr'>uenit</span> <span class='ocrx_word' id='word_1_178' title='bbox 1573 1626 1707 1657; x_wconf 80' lang='lat' dir='ltr'>unus,</span> 
     </span>
     <span class='ocr_line' id='line_1_22' title="bbox 75 1680 1710 1735; baseline -0.004 -10"><span class='ocrx_word' id='word_1_179' title='bbox 75 1685 369 1725; x_wconf 88' lang='lat' dir='ltr'>remotissima</span> <span class='ocrx_word' id='word_1_180' title='bbox 401 1683 614 1723; x_wconf 85' lang='lat' dir='ltr'>lusitania</span> <span class='ocrx_word' id='word_1_181' title='bbox 646 1682 740 1735; x_wconf 73' lang='lat' dir='ltr'>[sic]</span> <span class='ocrx_word' id='word_1_182' title='bbox 772 1683 903 1727; x_wconf 81' lang='lat' dir='ltr'>urbe;</span> <span class='ocrx_word' id='word_1_183' title='bbox 937 1684 979 1721; x_wconf 88' lang='lat' dir='ltr'>et</span> <span class='ocrx_word' id='word_1_184' title='bbox 1012 1682 1137 1721; x_wconf 90' lang='lat' dir='ltr'>multi</span> <span class='ocrx_word' id='word_1_185' title='bbox 1168 1680 1243 1732; x_wconf 83' lang='lat' dir='ltr'>alij</span> <span class='ocrx_word' id='word_1_186' title='bbox 1277 1680 1388 1720; x_wconf 87' lang='lat' dir='ltr'>satis</span> <span class='ocrx_word' id='word_1_187' title='bbox 1418 1680 1505 1719; x_wconf 85' lang='lat' dir='ltr'>huc</span> <span class='ocrx_word' id='word_1_188' title='bbox 1529 1691 1710 1730; x_wconf 79' lang='lat' dir='ltr'>peregre</span> 
     </span>
     <span class='ocr_line' id='line_1_23' title="bbox 73 1745 1709 1795; baseline -0.005 -4"><span class='ocrx_word' id='word_1_189' title='bbox 73 1752 393 1791; x_wconf 89' lang='lat' dir='ltr'>conuenerunt.</span> <span class='ocrx_word' id='word_1_190' title='bbox 428 1749 556 1788; x_wconf 88' lang='lat' dir='ltr'>Festo</span> <span class='ocrx_word' id='word_1_191' title='bbox 577 1749 671 1788; x_wconf 88' lang='lat' dir='ltr'>diui</span> <span class='ocrx_word' id='word_1_192' title='bbox 702 1748 846 1788; x_wconf 90' lang='lat' dir='ltr'>Lucae</span> <span class='ocrx_word' id='word_1_193' title='bbox 868 1747 1009 1787; x_wconf 88' lang='lat' dir='ltr'>nostri</span> <span class='ocrx_word' id='word_1_194' title='bbox 1031 1746 1288 1786; x_wconf 89' lang='lat' dir='ltr'>scholastici</span> <span class='ocrx_word' id='word_1_195' title='bbox 1311 1745 1563 1785; x_wconf 86' lang='lat' dir='ltr'>studiorum</span> <span class='ocrx_word' id='word_1_196' title='bbox 1590 1745 1709 1795; x_wconf 84' lang='lat' dir='ltr'>prin-</span> 
     </span>
     <span class='ocr_line' id='line_1_24' title="bbox 74 1810 1710 1867; baseline -0.005 -11"><span class='ocrx_word' id='word_1_197' title='bbox 74 1816 239 1867; x_wconf 87' lang='lat' dir='ltr'>cipium</span> <span class='ocrx_word' id='word_1_198' title='bbox 283 1815 457 1855; x_wconf 88' lang='lat' dir='ltr'>solenni</span> <span class='ocrx_word' id='word_1_199' title='bbox 503 1814 762 1865; x_wconf 85' lang='lat' dir='ltr'>magistrato</span> <span class='ocrx_word' id='word_1_200' title='bbox 794 1812 889 1865; x_wconf 70' lang='lat' dir='ltr'>[sic]</span> <span class='ocrx_word' id='word_1_201' title='bbox 929 1813 1224 1858; x_wconf 76' lang='lat' dir='ltr'>celebrarunt,</span> <span class='ocrx_word' id='word_1_202' title='bbox 1273 1811 1348 1851; x_wconf 81' lang='lat' dir='ltr'>uhi</span> <span class='ocrx_word' id='word_1_203' title='bbox 1394 1810 1710 1861; x_wconf 84' lang='lat' dir='ltr'>magistrorum</span> 
     </span>
     <span class='ocr_line' id='line_1_25' title="bbox 75 1876 1709 1932; baseline -0.005 -10"><span class='ocrx_word' id='word_1_204' title='bbox 75 1894 192 1923; x_wconf 90' lang='lat' dir='ltr'>unus</span> <span class='ocrx_word' id='word_1_205' title='bbox 231 1882 275 1921; x_wconf 91' lang='lat' dir='ltr'>in</span> <span class='ocrx_word' id='word_1_206' title='bbox 316 1881 481 1932; x_wconf 87' lang='lat' dir='ltr'>templo</span> <span class='ocrx_word' id='word_1_207' title='bbox 526 1880 683 1919; x_wconf 87' lang='lat' dir='ltr'>habuit</span> <span class='ocrx_word' id='word_1_208' title='bbox 725 1881 827 1918; x_wconf 88' lang='lat' dir='ltr'>ante</span> <span class='ocrx_word' id='word_1_209' title='bbox 871 1878 1100 1918; x_wconf 78' lang='lat' dir='ltr'>meridiem</span> <span class='ocrx_word' id='word_1_210' title='bbox 1135 1877 1401 1921; x_wconf 83' lang='lat' dir='ltr'>orationem,</span> <span class='ocrx_word' id='word_1_211' title='bbox 1433 1876 1709 1916; x_wconf 85' lang='lat' dir='ltr'>studentium</span> 
     </span>
     <span class='ocr_line' id='line_1_26' title="bbox 74 1941 1708 1999; baseline -0.005 -12"><span class='ocrx_word' id='word_1_212' title='bbox 74 1948 148 1999; x_wconf 83' lang='lat' dir='ltr'>alij</span> <span class='ocrx_word' id='word_1_213' title='bbox 181 1947 330 1987; x_wconf 84' lang='lat' dir='ltr'>dixere</span> <span class='ocrx_word' id='word_1_214' title='bbox 351 1954 367 1972; x_wconf 62' lang='grc' dir='ltr'><em>θ</em></span> <span class='ocrx_word' id='word_1_215' title='bbox 396 1946 609 1991; x_wconf 89' lang='lat' dir='ltr'>carmina,</span> <span class='ocrx_word' id='word_1_216' title='bbox 642 1945 947 1984; x_wconf 83' lang='lat' dir='ltr'>declamarunt</span> <span class='ocrx_word' id='word_1_217' title='bbox 977 1943 1079 1994; x_wconf 73' lang='lat' dir='ltr'>alij3</span> <span class='ocrx_word' id='word_1_218' title='bbox 1113 1942 1187 1993; x_wconf 85' lang='lat' dir='ltr'>alij</span> <span class='ocrx_word' id='word_1_219' title='bbox 1226 1941 1504 1993; x_wconf 81' lang='lat' dir='ltr'>argumentis</span> <span class='ocrx_word' id='word_1_220' title='bbox 1548 1941 1593 1980; x_wconf 90' lang='lat' dir='ltr'>in</span> <span class='ocrx_word' id='word_1_221' title='bbox 1637 1941 1708 1980; x_wconf 90' lang='lat' dir='ltr'>ad-</span> 
     </span>
     <span class='ocr_line' id='line_1_27' title="bbox 74 2006 1710 2062; baseline -0.006 -9"><span class='ocrx_word' id='word_1_222' title='bbox 74 2025 228 2054; x_wconf 88' lang='lat' dir='ltr'>uersos</span> <span class='ocrx_word' id='word_1_223' title='bbox 257 2011 589 2062; x_wconf 77' lang='lat' dir='ltr'>condiscipulos</span> <span class='ocrx_word' id='word_1_224' title='bbox 619 2012 723 2050; x_wconf 90' lang='lat' dir='ltr'>sunt</span> <span class='ocrx_word' id='word_1_225' title='bbox 754 2009 935 2049; x_wconf 87' lang='lat' dir='ltr'>inuecti.</span> <span class='ocrx_word' id='word_1_226' title='bbox 973 2009 1236 2058; x_wconf 81' lang='lat' dir='ltr'>Praeceptor</span> <span class='ocrx_word' id='word_1_227' title='bbox 1279 2008 1404 2055; x_wconf 91' lang='lat' dir='ltr'>alter,</span> <span class='ocrx_word' id='word_1_228' title='bbox 1437 2009 1536 2057; x_wconf 88' lang='lat' dir='ltr'>post</span> <span class='ocrx_word' id='word_1_229' title='bbox 1580 2006 1710 2045; x_wconf 87' lang='lat' dir='ltr'>meri-</span> 
     </span>
     <span class='ocr_line' id='line_1_28' title="bbox 74 2071 1710 2128; baseline -0.005 -10"><span class='ocrx_word' id='word_1_230' title='bbox 74 2079 206 2125; x_wconf 89' lang='lat' dir='ltr'>diem,</span> <span class='ocrx_word' id='word_1_231' title='bbox 241 2077 520 2128; x_wconf 88' lang='lat' dir='ltr'>presentibus</span> <span class='ocrx_word' id='word_1_232' title='bbox 550 2075 814 2121; x_wconf 76' lang='lat' dir='ltr'>innumeris,</span> <span class='ocrx_word' id='word_1_233' title='bbox 847 2075 983 2114; x_wconf 87' lang='lat' dir='ltr'>uerba</span> <span class='ocrx_word' id='word_1_234' title='bbox 1024 2074 1140 2116; x_wconf 80' lang='lat' dir='ltr'>fecit.</span> <span class='ocrx_word' id='word_1_235' title='bbox 1172 2075 1409 2124; x_wconf 84' lang='lat' dir='ltr'>postquam</span> <span class='ocrx_word' id='word_1_236' title='bbox 1453 2071 1710 2111; x_wconf 83' lang='lat' dir='ltr'>scholastici</span> 
     </span>
     <span class='ocr_line' id='line_1_29' title="bbox 74 2137 1712 2195; baseline -0.005 -12"><span class='ocrx_word' id='word_1_237' title='bbox 74 2145 277 2195; x_wconf 83' lang='lat' dir='ltr'>poemata</span> <span class='ocrx_word' id='word_1_238' title='bbox 305 2142 318 2168; x_wconf 77' lang='lat' dir='ltr'><strong>f</strong></span> <span class='ocrx_word' id='word_1_239' title='bbox 344 2142 534 2193; x_wconf 87' lang='lat' dir='ltr'>quedam</span> <span class='ocrx_word' id='word_1_240' title='bbox 567 2141 826 2188; x_wconf 69' lang='lat' dir='ltr'>recitarunt,</span> <span class='ocrx_word' id='word_1_241' title='bbox 858 2152 957 2179; x_wconf 87' lang='lat' dir='ltr'>cum</span> <span class='ocrx_word' id='word_1_242' title='bbox 994 2139 1185 2179; x_wconf 88' lang='lat' dir='ltr'>aemulis</span> <span class='ocrx_word' id='word_1_243' title='bbox 1228 2137 1436 2177; x_wconf 89' lang='lat' dir='ltr'>nonnulli</span> <span class='ocrx_word' id='word_1_244' title='bbox 1477 2137 1712 2176; x_wconf 83' lang='lat' dir='ltr'>contende-</span> 
     </span>
     <span class='ocr_line' id='line_1_30' title="bbox 75 2202 1710 2258; baseline -0.005 -10"><span class='ocrx_word' id='word_1_245' title='bbox 75 2211 191 2249; x_wconf 86' lang='lat' dir='ltr'>runt.</span> <span class='ocrx_word' id='word_1_246' title='bbox 225 2208 445 2248; x_wconf 88' lang='lat' dir='ltr'>Germana</span> <span class='ocrx_word' id='word_1_247' title='bbox 474 2207 629 2258; x_wconf 90' lang='lat' dir='ltr'>lingua</span> <span class='ocrx_word' id='word_1_248' title='bbox 658 2207 672 2230; x_wconf 64' lang='grc'>2</span> <span class='ocrx_word' id='word_1_249' title='bbox 703 2206 833 2246; x_wconf 91' lang='lat' dir='ltr'>condi</span> <span class='ocrx_word' id='word_1_250' title='bbox 864 2205 1016 2256; x_wconf 88' lang='lat' dir='ltr'>aliqua</span> <span class='ocrx_word' id='word_1_251' title='bbox 1045 2204 1243 2255; x_wconf 86' lang='lat' dir='ltr'>oportuit</span> <span class='ocrx_word' id='word_1_252' title='bbox 1272 2215 1385 2254; x_wconf 90' lang='lat' dir='ltr'>quae</span> <span class='ocrx_word' id='word_1_253' title='bbox 1424 2202 1553 2242; x_wconf 89' lang='lat' dir='ltr'>latini</span> <span class='ocrx_word' id='word_1_254' title='bbox 1575 2210 1594 2235; x_wconf 61' lang='lat'>{³</span> <span class='ocrx_word' id='word_1_255' title='bbox 1623 2214 1710 2241; x_wconf 90' lang='lat' dir='ltr'>ser-</span> 
     </span>
     <span class='ocr_line' id='line_1_31' title="bbox 75 2268 1711 2324; baseline -0.005 -11"><span class='ocrx_word' id='word_1_256' title='bbox 75 2274 220 2314; x_wconf 89' lang='lat' dir='ltr'>monis</span> <span class='ocrx_word' id='word_1_257' title='bbox 252 2273 468 2324; x_wconf 88' lang='lat' dir='ltr'>imperitis</span> <span class='ocrx_word' id='word_1_258' title='bbox 498 2272 766 2311; x_wconf 82' lang='lat' dir='ltr'>arriderent:</span> <span class='ocrx_word' id='word_1_259' title='bbox 800 2283 879 2322; x_wconf 86' lang='lat' dir='ltr'>pro</span> <span class='ocrx_word' id='word_1_260' title='bbox 909 2270 1089 2309; x_wconf 88' lang='lat' dir='ltr'>diuerso</span> <span class='ocrx_word' id='word_1_261' title='bbox 1110 2269 1227 2308; x_wconf 90' lang='lat' dir='ltr'>enim</span> <span class='ocrx_word' id='word_1_262' title='bbox 1251 2268 1531 2308; x_wconf 87' lang='lat' dir='ltr'>audientium</span> <span class='ocrx_word' id='word_1_263' title='bbox 1552 2279 1711 2318; x_wconf 89' lang='lat' dir='ltr'>genere</span> 
     </span>
     <span class='ocr_line' id='line_1_32' title="bbox 74 2333 1710 2380; baseline -0.005 -1"><span class='ocrx_word' id='word_1_264' title='bbox 74 2341 182 2380; x_wconf 88' lang='lat' dir='ltr'>haec</span> <span class='ocrx_word' id='word_1_265' title='bbox 211 2339 337 2379; x_wconf 90' lang='lat' dir='ltr'>uaria.</span> <span class='ocrx_word' id='word_1_266' title='bbox 366 2341 408 2378; x_wconf 85' lang='lat' dir='ltr'>et</span> <span class='ocrx_word' id='word_1_267' title='bbox 437 2338 614 2378; x_wconf 90' lang='lat' dir='ltr'>diuersa</span> <span class='ocrx_word' id='word_1_268' title='bbox 646 2337 730 2376; x_wconf 87' lang='lat' dir='ltr'>fuit</span> <span class='ocrx_word' id='word_1_269' title='bbox 759 2348 938 2376; x_wconf 87' lang='lat' dir='ltr'>necesse</span> <span class='ocrx_word' id='word_1_270' title='bbox 967 2335 1265 2375; x_wconf 86' lang='lat' dir='ltr'>commiscere.</span> <span class='ocrx_word' id='word_1_271' title='bbox 1298 2334 1429 2374; x_wconf 90' lang='lat' dir='ltr'>Pueri</span> <span class='ocrx_word' id='word_1_272' title='bbox 1473 2335 1621 2373; x_wconf 89' lang='lat' dir='ltr'>essent</span> <span class='ocrx_word' id='word_1_273' title='bbox 1655 2333 1710 2372; x_wconf 88' lang='lat' dir='ltr'>ad</span> 
     </span>
     <span class='ocr_line' id='line_1_33' title="bbox 75 2399 1711 2457; baseline -0.006 -12"><span class='ocrx_word' id='word_1_274' title='bbox 75 2405 237 2457; x_wconf 86' lang='lat' dir='ltr'>uiginti</span> <span class='ocrx_word' id='word_1_275' title='bbox 267 2404 343 2456; x_wconf 89' lang='lat' dir='ltr'>qui</span> <span class='ocrx_word' id='word_1_276' title='bbox 374 2403 615 2443; x_wconf 88' lang='lat' dir='ltr'>iocundum</span> <span class='ocrx_word' id='word_1_277' title='bbox 640 2403 724 2442; x_wconf 86' lang='lat' dir='ltr'>hoc</span> <span class='ocrx_word' id='word_1_278' title='bbox 744 2402 1047 2453; x_wconf 89' lang='lat' dir='ltr'>spectaculum</span> <span class='ocrx_word' id='word_1_279' title='bbox 1068 2401 1316 2440; x_wconf 89' lang='lat' dir='ltr'>ediderunt.</span> <span class='ocrx_word' id='word_1_280' title='bbox 1348 2399 1557 2438; x_wconf 87' lang='lat' dir='ltr'>Libenter</span> <span class='ocrx_word' id='word_1_281' title='bbox 1585 2399 1711 2437; x_wconf 90' lang='lat' dir='ltr'>scho-</span> 
     </span>
     <span class='ocr_line' id='line_1_34' title="bbox 75 2464 1711 2521; baseline -0.005 -11"><span class='ocrx_word' id='word_1_282' title='bbox 75 2470 219 2511; x_wconf 83' lang='lat' dir='ltr'>lastici</span> <span class='ocrx_word' id='word_1_283' title='bbox 250 2469 488 2521; x_wconf 84' lang='lat' dir='ltr'>magistros</span> <span class='ocrx_word' id='word_1_284' title='bbox 518 2469 564 2507; x_wconf 89' lang='lat' dir='ltr'>in</span> <span class='ocrx_word' id='word_1_285' title='bbox 593 2468 780 2508; x_wconf 89' lang='lat' dir='ltr'>dicenda</span> <span class='ocrx_word' id='word_1_286' title='bbox 810 2469 853 2507; x_wconf 89' lang='lat' dir='ltr'>et</span> <span class='ocrx_word' id='word_1_287' title='bbox 881 2466 1081 2506; x_wconf 88' lang='lat' dir='ltr'>canenda</span> <span class='ocrx_word' id='word_1_288' title='bbox 1111 2478 1187 2517; x_wconf 90' lang='lat' dir='ltr'>per</span> <span class='ocrx_word' id='word_1_289' title='bbox 1215 2465 1351 2505; x_wconf 88' lang='lat' dir='ltr'>calles</span> <span class='ocrx_word' id='word_1_290' title='bbox 1372 2464 1497 2504; x_wconf 81' lang='lat' dir='ltr'>urbis</span> <span class='ocrx_word' id='word_1_291' title='bbox 1527 2466 1604 2503; x_wconf 90' lang='lat' dir='ltr'>aut</span> <span class='ocrx_word' id='word_1_292' title='bbox 1633 2475 1711 2513; x_wconf 88' lang='lat' dir='ltr'>pa-</span> 
     </span>
     <span class='ocr_line' id='line_1_35' title="bbox 75 2529 1712 2587; baseline -0.005 -12"><span class='ocrx_word' id='word_1_293' title='bbox 75 2547 232 2587; x_wconf 83' lang='lat' dir='ltr'>gorum</span> <span class='ocrx_word' id='word_1_294' title='bbox 262 2534 387 2574; x_wconf 88' lang='lat' dir='ltr'>uicos</span> <span class='ocrx_word' id='word_1_295' title='bbox 424 2533 627 2573; x_wconf 88' lang='lat' dir='ltr'>doctrina</span> <span class='ocrx_word' id='word_1_296' title='bbox 669 2532 951 2572; x_wconf 88' lang='lat' dir='ltr'>comitantur.</span> <span class='ocrx_word' id='word_1_297' title='bbox 987 2531 1155 2570; x_wconf 89' lang='lat' dir='ltr'>Horum</span> <span class='ocrx_word' id='word_1_298' title='bbox 1201 2542 1320 2570; x_wconf 90' lang='lat' dir='ltr'>unus</span> <span class='ocrx_word' id='word_1_299' title='bbox 1362 2541 1462 2569; x_wconf 91' lang='lat' dir='ltr'>cum</span> <span class='ocrx_word' id='word_1_300' title='bbox 1507 2529 1712 2568; x_wconf 87' lang='lat' dir='ltr'>ludentes</span> 
     </span>
     <span class='ocr_line' id='line_1_36' title="bbox 76 2593 1713 2652; baseline -0.005 -12"><span class='ocrx_word' id='word_1_301' title='bbox 76 2612 237 2652; x_wconf 86' lang='lat' dir='ltr'>pueros</span> <span class='ocrx_word' id='word_1_302' title='bbox 265 2599 539 2646; x_wconf 84' lang='lat' dir='ltr'>offendisset,</span> <span class='ocrx_word' id='word_1_303' title='bbox 572 2610 625 2638; x_wconf 86' lang='lat' dir='ltr'>ex</span> <span class='ocrx_word' id='word_1_304' title='bbox 656 2598 747 2637; x_wconf 91' lang='lat' dir='ltr'>illis</span> <span class='ocrx_word' id='word_1_305' title='bbox 790 2597 1026 2649; x_wconf 85' lang='lat' dir='ltr'>quemdam</span> <span class='ocrx_word' id='word_1_306' title='bbox 1059 2598 1107 2636; x_wconf 92' lang='lat' dir='ltr'>ut</span> <span class='ocrx_word' id='word_1_307' title='bbox 1137 2596 1192 2635; x_wconf 90' lang='lat' dir='ltr'>ad</span> <span class='ocrx_word' id='word_1_308' title='bbox 1226 2595 1473 2635; x_wconf 85' lang='lat' dir='ltr'>doctrinam</span> <span class='ocrx_word' id='word_1_309' title='bbox 1518 2593 1713 2633; x_wconf 87' lang='lat' dir='ltr'>traheret</span> 
     </span>
    </p>
   </div>
   <div class='ocr_carea' id='block_1_3' title="bbox 75 2751 1711 2898">
    <p class='ocr_par' dir='ltr' id='par_1_4' title="bbox 75 2751 1711 2898">
     <span class='ocr_line' id='line_1_37' title="bbox 137 2751 1711 2800; baseline -0.006 -9"><span class='ocrx_word' id='word_1_310' title='bbox 137 2768 154 2786; x_wconf 86' lang='lat' dir='ltr'>a</span> <span class='ocrx_word' id='word_1_311' title='bbox 175 2759 300 2791; x_wconf 79' lang='lat' dir='ltr'>Prius</span> <span class='ocrx_word' id='word_1_312' title='bbox 330 2759 481 2800; x_wconf 88' lang='lat' dir='ltr'>quique.</span> <span class='ocrx_word' id='word_1_313' title='bbox 507 2777 546 2780; x_wconf 97' lang='lat'><strong>—</strong></span> <span class='ocrx_word' id='word_1_314' title='bbox 571 2758 588 2784; x_wconf 86' lang='lat' dir='ltr'>b</span> <span class='ocrx_word' id='word_1_315' title='bbox 610 2757 772 2789; x_wconf 78' lang='lat' dir='ltr'>Emend.</span> <span class='ocrx_word' id='word_1_316' title='bbox 798 2766 845 2789; x_wconf 65' lang='lat' dir='ltr'>eoe</span> <span class='ocrx_word' id='word_1_317' title='bbox 869 2757 1122 2797; x_wconf 84' lang='lat' dir='ltr'>inceptantam</span> <span class='ocrx_word' id='word_1_318' title='bbox 1148 2756 1210 2795; x_wconf 65' lang='grc' dir='ltr'>(Ρ).</span> <span class='ocrx_word' id='word_1_319' title='bbox 1234 2773 1275 2776; x_wconf 92' lang='grc'><strong>-</strong></span> <span class='ocrx_word' id='word_1_320' title='bbox 1299 2762 1313 2781; x_wconf 86' lang='lat' dir='ltr'>c</span> <span class='ocrx_word' id='word_1_321' title='bbox 1338 2753 1495 2785; x_wconf 78' lang='lat' dir='ltr'>Emencl.</span> <span class='ocrx_word' id='word_1_322' title='bbox 1514 2761 1561 2784; x_wconf 73' lang='lat' dir='ltr'>er</span> <span class='ocrx_word' id='word_1_323' title='bbox 1585 2751 1711 2783; x_wconf 81' lang='lat' dir='ltr'>sellec-</span> 
     </span>
     <span class='ocr_line' id='line_1_38' title="bbox 75 2804 1708 2849; baseline -0.006 -4"><span class='ocrx_word' id='word_1_324' title='bbox 75 2813 245 2845; x_wconf 83' lang='lat' dir='ltr'>tissimis.</span> <span class='ocrx_word' id='word_1_325' title='bbox 271 2831 310 2835; x_wconf 90' lang='lat'><strong>—</strong></span> <span class='ocrx_word' id='word_1_326' title='bbox 335 2812 351 2837; x_wconf 66' lang='grc' dir='ltr'>«Ι</span> <span class='ocrx_word' id='word_1_327' title='bbox 373 2812 456 2844; x_wconf 83' lang='lat' dir='ltr'>Del.</span> <span class='ocrx_word' id='word_1_328' title='bbox 483 2812 612 2844; x_wconf 87' lang='lat' dir='ltr'>nohos.</span> <span class='ocrx_word' id='word_1_329' title='bbox 638 2830 677 2833; x_wconf 97' lang='lat'><strong>—</strong></span> <span class='ocrx_word' id='word_1_330' title='bbox 701 2820 717 2838; x_wconf 83' lang='lat' dir='ltr'>e</span> <span class='ocrx_word' id='word_1_331' title='bbox 738 2810 860 2842; x_wconf 88' lang='lat' dir='ltr'>dicere</span> <span class='ocrx_word' id='word_1_332' title='bbox 886 2819 955 2842; x_wconf 71' lang='lat'><strong><em>1123.</em></strong></span> <span class='ocrx_word' id='word_1_333' title='bbox 980 2828 1020 2831; x_wconf 97' lang='lat'><strong>—</strong></span> <span class='ocrx_word' id='word_1_334' title='bbox 1045 2809 1058 2835; x_wconf 84' lang='lat' dir='ltr'><strong>f</strong></span> <span class='ocrx_word' id='word_1_335' title='bbox 1082 2808 1207 2840; x_wconf 56' lang='lat' dir='ltr'>Prius</span> <span class='ocrx_word' id='word_1_336' title='bbox 1232 2808 1414 2849; x_wconf 86' lang='lat' dir='ltr'>paemata.</span> <span class='ocrx_word' id='word_1_337' title='bbox 1440 2825 1479 2829; x_wconf 97' lang='lat'><strong>—</strong></span> <span class='ocrx_word' id='word_1_338' title='bbox 1505 2814 1524 2839; x_wconf 66' lang='lat' dir='ltr'><strong>g</strong></span> <span class='ocrx_word' id='word_1_339' title='bbox 1544 2804 1708 2837; x_wconf 77' lang='lat' dir='ltr'>Emend.</span> 
     </span>
     <span class='ocr_line' id='line_1_39' title="bbox 76 2865 287 2898; baseline 0 -1"><span class='ocrx_word' id='word_1_340' title='bbox 76 2874 124 2897; x_wconf 70' lang='lat' dir='ltr'>em</span> <span class='ocrx_word' id='word_1_341' title='bbox 145 2865 287 2898; x_wconf 87' lang='lat' dir='ltr'>latinis.</span> 
     </span>
    </p>
   </div>
   <div class='ocr_carea' id='block_1_4' title="bbox 78 2947 198 2950">
    <p class='ocr_par' dir='ltr' id='par_1_5' title="bbox 78 2947 198 2950">
     <span class='ocr_line' id='line_1_40' title="bbox 78 2947 198 2950; baseline 0 0"><span class='ocrx_word' id='word_1_342' title='bbox 78 2947 198 2950; x_wconf 95' lang='lat' dir='ltr'> </span> 
     </span>
    </p>
   </div>
   <div class='ocr_carea' id='block_1_5' title="bbox 200 2948 357 2950">
    <p class='ocr_par' dir='ltr' id='par_1_6' title="bbox 200 2948 357 2950">
     <span class='ocr_line' id='line_1_41' title="bbox 200 2948 357 2950; baseline 0 0"><span class='ocrx_word' id='word_1_343' title='bbox 200 2948 357 2950; x_wconf 95' lang='lat' dir='ltr'> </span> 
     </span>
    </p>
   </div>
   <div class='ocr_carea' id='block_1_6' title="bbox 138 2996 1676 3091">
    <p class='ocr_par' dir='ltr' id='par_1_7' title="bbox 138 2996 1676 3091">
     <span class='ocr_line' id='line_1_42' title="bbox 140 2996 569 3029; baseline -0.002 0"><span class='ocrx_word' id='word_1_344' title='bbox 140 2999 150 3015; x_wconf 87' lang='lat'>¹</span> <span class='ocrx_word' id='word_1_345' title='bbox 173 2996 211 3029; x_wconf 80' lang='lat' dir='ltr'>P.</span> <span class='ocrx_word' id='word_1_346' title='bbox 236 2996 395 3029; x_wconf 87' lang='lat' dir='ltr'>Ioannes</span> <span class='ocrx_word' id='word_1_347' title='bbox 418 2996 569 3029; x_wconf 89' lang='lat' dir='ltr'>Paulus.</span> 
     </span>
     <span class='ocr_line' id='line_1_43' title="bbox 138 3043 1676 3091; baseline -0.007 -8"><span class='ocrx_word' id='word_1_348' title='bbox 138 3052 151 3069; x_wconf 78' lang='lat'>2</span> <span class='ocrx_word' id='word_1_349' title='bbox 176 3050 223 3082; x_wconf 88' lang='lat' dir='ltr'>Ut</span> <span class='ocrx_word' id='word_1_350' title='bbox 246 3059 291 3082; x_wconf 85' lang='lat' dir='ltr'>ex</span> <span class='ocrx_word' id='word_1_351' title='bbox 314 3051 491 3082; x_wconf 83' lang='lat' dir='ltr'>contextu</span> <span class='ocrx_word' id='word_1_352' title='bbox 515 3050 679 3091; x_wconf 85' lang='lat' dir='ltr'>apparet,</span> <span class='ocrx_word' id='word_1_353' title='bbox 706 3048 866 3089; x_wconf 84' lang='lat' dir='ltr'>intelligi</span> <span class='ocrx_word' id='word_1_354' title='bbox 889 3048 998 3080; x_wconf 88' lang='lat' dir='ltr'>debet</span> <span class='ocrx_word' id='word_1_355' title='bbox 1020 3048 1153 3088; x_wconf 82' lang='lat' dir='ltr'>lingua</span> <span class='ocrx_word' id='word_1_356' title='bbox 1174 3045 1387 3078; x_wconf 82' lang='lat' dir='ltr'>vernacula.</span> <span class='ocrx_word' id='word_1_357' title='bbox 1413 3053 1478 3075; x_wconf 88' lang='lat' dir='ltr'>seu</span> <span class='ocrx_word' id='word_1_358' title='bbox 1504 3043 1676 3083; x_wconf 85' lang='lat' dir='ltr'>hispana.</span> 
     </span>
    </p>
   </div>
  </div>
 </body>
</html>
