2099 3516
413 228 482 263 254
882 228 1086 265 er'rERAE
1120 229 1463 274 QUADRIMESTRES

367 347 578 386 mandant
624 359 790 387 omnes.
837 347 1070 399 Egregium
1114 349 1182 388 sui
1231 350 1451 400 profectus
1499 351 1720 401 specimen
1762 353 1980 403 superiori

366 423 514 450 mense
535 413 832 462 praebuerunt
852 413 897 451 in
918 413 1109 463 quadam
1130 413 1296 465 insigni
1326 415 1551 454 comoedia
1581 416 1843 465 exhibenda,
1867 430 1980 469 quae

364 476 611 515 dominicae
642 477 976 516 resurrectionis
1005 477 1236 517 historiam
1260 480 1575 529 pertractabat3
1606 481 1803 520 exhibita
1824 494 1874 521 ea
1894 483 1980 532 pri—

365 552 485 580 mum
515 544 579 580 est
609 542 655 580 in
685 554 785 581 area
816 541 1088 592 monasterij,
1110 543 1182 582 cui
1215 543 1346 582 vicini
1368 555 1538 591 sumus,
1562 556 1661 584 cum
1696 547 1817 585 tanto
1847 558 1979 597 appa-

365 607 477 653 ratu,
518 606 753 645 deuotione
796 608 837 645 et
879 605 1124 656 diligentia,
1158 609 1205 646 ut
1247 607 1293 646 in
1336 608 1672 648 admirationem
1715 612 1980 660 spectatores

364 670 519 709 merito
550 670 756 720 rapuerit.
791 670 986 710 Fuerunt
1023 673 1167 711 autem
1212 674 1507 722 spectatorum
1551 673 1720 724 aliquot
1764 675 1900 723 milia,
1933 678 1980 715 ut

364 734 487 773 locus
529 735 660 773 etiam
705 735 872 785 alioqui
916 736 1248 785 capacissimus,
1281 748 1434 775 omnes
1462 737 1538 788 qui
1569 738 1722 777 adesse
1755 742 1978 789 cuperent,

363 799 587 838 continere
617 811 706 837 non
736 801 896 849 posset.
929 800 1180 840 Adfuerunt
1200 801 1314 839 inter
1342 812 1417 840 eos
1446 802 1501 840 ad
1530 802 1661 841 finem
1682 815 1822 854 usque
1853 804 1979 844 multi

363 865 448 901 tam
499 863 800 910 ecclesiastici,
847 876 979 914 quam
1028 865 1248 904 seculares
1295 865 1492 915 primarij
1543 865 1645 913 uiri,
1686 869 1727 906 et
1773 868 1981 908 omnibus

362 927 537 966 abunde
567 939 797 977 speramus
826 928 1118 975 satisfactum,
1151 929 1221 968 cui
1252 929 1322 968 uel
1353 930 1436 969 hoc
1470 933 1730 980 argumento
1759 943 1853 971 esse
1883 944 1980 982 pos-

361 991 432 1038 sit,
464 992 580 1042 quod
612 992 840 1033 illustriss.
872 993 1076 1043 princeps
1106 997 1256 1033 noster
1284 994 1467 1033 omnino
1496 1007 1591 1034 eam
1630 1007 1775 1035 coram
1806 1008 1852 1036 se
1881 1008 1980 1036 sua—

361 1068 445 1106 que
489 1056 657 1096 familia
700 1059 791 1096 tota
829 1057 974 1097 denuo
1019 1058 1210 1098 uoluerit
1253 1059 1474 1107 exhiberi,
1520 1061 1562 1099 et
1604 1062 1771 1099 tantam
1800 1061 1979 1112 quidem

361 1121 546 1171 gratiam
577 1121 684 1161 haec
714 1122 828 1161 actio
858 1122 1028 1172 habuit,
1052 1124 1101 1162 ut
1129 1125 1170 1162 et
1200 1123 1438 1163 lachrimas
1468 1124 1641 1174 deuotis
1670 1125 1824 1164 multis
1852 1137 1978 1165 excu-

362 1188 483 1233 teret,
515 1188 557 1225 et
586 1186 813 1226 illustriss.
846 1187 1051 1238 princeps
1088 1200 1230 1239 usque
1272 1189 1326 1227 ad
1357 1189 1487 1228 finem
1534 1191 1869 1240 perseuerando,
1903 1191 1979 1231 uix

360 1251 536 1290 tandem
579 1251 732 1290 satiari
775 1252 1014 1302 spectando
1056 1253 1271 1303 potuerit:
1304 1254 1528 1293 actoribus
1570 1256 1716 1293 autem
1746 1254 1856 1305 ipsis
1884 1257 1978 1295 tum

360 1326 502 1362 mane,
534 1317 627 1354 tum
658 1316 830 1366 uesperi
861 1316 907 1355 in
937 1317 1040 1356 aula
1069 1329 1149 1356 sua
1179 1317 1325 1357 cibum
1358 1318 1554 1368 praeberi
1585 1318 1716 1358 iussit
1745 1321 1772 1359 ¹.

438 1380 475 1420 3.
508 1379 573 1418 Ad
606 1381 767 1419 rectius
802 1381 999 1420 scholam
1044 1384 1239 1421 nostram
1283 1382 1652 1429 constituendam,
1697 1384 1893 1435 adeoque
1923 1385 1978 1424 ad

359 1447 685 1484 sacrosanctam
719 1447 758 1485 et
781 1446 1044 1485 catholicam
1066 1447 1324 1498 religionem
1349 1459 1422 1497 per
1442 1447 1557 1487 hanc
1577 1448 1852 1498 prouinciam
1893 1450 1979 1489 foe-

359 1509 489 1548 licius
510 1509 717 1548 tuendam
748 1512 790 1549 et
819 1511 1165 1562 propagandam,
1184 1511 1261 1551 diu
1296 1512 1572 1563 multumque
1594 1512 1839 1553 institimus
1861 1515 1979 1565 apud

358 1574 584 1613 illustriss.
620 1574 878 1625 principem,
915 1577 960 1615 ut
995 1575 1190 1615 delectus
1232 1576 1469 1616 haberetur
1519 1589 1669 1616 eorum
1717 1589 1975 1629 pauperum,

358 1638 433 1689 qui
455 1639 509 1677 ad
531 1651 612 1678 nos
633 1639 830 1678 discendi
861 1640 1003 1691 gratia
1033 1641 1212 1690 plurimi
1242 1641 1484 1690 confluunt,
1507 1644 1599 1681 tum
1621 1644 1670 1681 ut
1689 1642 1765 1693 qui
1786 1643 1978 1693 aptiores

358 1704 629 1751 uiderentur,
660 1704 935 1744 domicilium
965 1705 1146 1756 aliquod
1176 1706 1403 1756 proprium
1433 1706 1661 1753 haberent,
1706 1707 1856 1758 ibique
1890 1708 1978 1748 fru-

358 1768 528 1819 galiter,
569 1769 753 1808 honeste
782 1771 824 1808 et
854 1769 922 1820 pie
951 1770 1256 1818 conuiuerent,
1301 1771 1384 1810 sub
1426 1772 1543 1810 certa
1587 1771 1801 1821 videlicet,
1831 1783 1881 1811 ac
1910 1772 1976 1812 fu-

356 1833 469 1872 turis
512 1833 795 1873 ecclesiarum
844 1834 1061 1873 ministris
1107 1835 1391 1874 conuenienti
1439 1836 1713 1875 educatione.
1762 1836 1871 1875 Nam
1916 1837 1977 1877 ita

357 1898 477 1937 fieret
505 1910 613 1937 sane
643 1900 690 1937 ut
720 1898 848 1937 multi
878 1900 1128 1949 praeclarae
1167 1899 1332 1939 indolis
1358 1899 1673 1948 adolescentes,
1704 1912 1867 1952 magno
1897 1901 1977 1941 rei·

356 1962 559 2013 publicae
601 1963 831 2002 commodo
870 1963 916 2002 in
964 1964 1125 2015 studijs
1168 1964 1474 2004 retinerentur.
1520 1965 1572 2004 Et
1613 1965 1751 2005 illust.
1798 1966 1975 2016 quidem

356 2027 560 2077 principi,
583 2039 695 2078 quae
725 2027 821 2066 eius
840 2030 906 2067 est
926 2028 1167 2079 singularis
1196 2041 1298 2079 erga
1328 2029 1468 2068 Deum
1497 2029 1653 2079 pietas,
1676 2041 1846 2069 summe
1866 2042 1977 2070 sem-

356 2103 431 2142 per
473 2092 580 2132 haec
622 2095 773 2132 nostra
816 2094 1019 2144 placuere
1060 2094 1270 2139 consilia,
1311 2106 1465 2134 uerum
1495 2095 1691 2134 fecerunt
1732 2095 1976 2135 incidentes

355 2157 503 2196 nescio
546 2169 658 2208 quae
700 2157 995 2206 difficultates,
1027 2170 1114 2209 quo
1144 2159 1293 2198 minus
1321 2159 1617 2198 desideratum
1653 2159 1759 2199 haec
1789 2171 1857 2199 res
1885 2171 1976 2199 sor-

355 2221 433 2260 tita
464 2221 522 2261 sit
551 2222 765 2262 hactenus
794 2223 1021 2270 effectum,
1057 2223 1257 2274 promisit
1286 2226 1433 2263 tamen
1453 2236 1543 2263 non
1564 2224 1624 2263 ita
1646 2224 1812 2275 pridem
1834 2224 1972 2265 illust.

355 2285 558 2337 princeps
587 2287 707 2326 cordi
738 2287 964 2338 negotium
995 2288 1078 2327 hoc
1107 2288 1192 2327 sibi
1223 2288 1444 2328 futurum:
1476 2290 1678 2339 coeptum
1721 2291 1864 2328 autem
1910 2290 1974 2328 est

353 2350 631 2390 commodum
662 2350 708 2390 in
738 2351 856 2391 hunc
886 2352 1017 2391 finem
1047 2352 1296 2391 aedificium
1331 2352 1497 2403 quaeri.

432 2415 470 2454 4.
503 2415 629 2454 Nunc
658 2416 711 2454 de
740 2416 872 2455 rebus
902 2416 1221 2466 temporalibus
1250 2429 1403 2467 pauca.
1448 2417 1580 2457 Aucti
1623 2419 1728 2457 sunt
1756 2417 1827 2457 his
1856 2429 1975 2457 men-

353 2479 478 2519 sibus
498 2480 636 2519 annui
658 2480 856 2520 redditus
886 2481 1049 2529 nostri3
1082 2492 1181 2520 cum
1203 2481 1319 2520 enim
1342 2484 1571 2521 sexcentos
1591 2483 1763 2522 tantum
1783 2482 1974 2521 florenos

352 2544 593 2584 rhenenses
630 2545 847 2595 superiori
877 2557 995 2585 anno
1034 2546 1164 2585 nobis
1193 2546 1539 2594 numerauerint,
1572 2547 1655 2586 hoc
1683 2548 1797 2586 certe
1825 2548 1867 2586 et
1909 2558 1973 2586 se-

351 2608 592 2659 quentibus
621 2609 752 2648 annis
782 2609 902 2649 mille
923 2609 969 2649 in
990 2609 1152 2662 uiginti
1182 2621 1470 2661 personarum
1501 2611 1869 2650 sustentationem
1892 2622 1972 2650 nu-

352 2673 509 2712 merari
540 2673 671 2713 iussit
700 2673 838 2714 illust.
873 2675 1090 2726 princeps.
1123 2674 1297 2715 Scholis
1326 2677 1367 2714 et
1397 2675 1598 2715 aedificio
1627 2687 1746 2715 nouo
1778 2677 1972 2715 extrema

351 2737 435 2777 hoc
464 2749 613 2777 mense
655 2750 815 2778 manus
843 2739 1056 2779 addetur:
1107 2751 1245 2791 capax
1293 2741 1358 2779 est
1405 2740 1529 2779 locus
1571 2740 1733 2791 uiginti
1774 2739 1971 2791 quinque

352 2813 654 2852 personarum,
678 2805 726 2843 ut
746 2814 964 2843 summam
985 2803 1153 2855 singuli
1179 2804 1371 2844 habeant
1390 2804 1761 2853 commoditatem,
1784 2806 1826 2844 et
1846 2804 1971 2844 breui

351 2877 479 2917 spero
509 2866 591 2906 iste
620 2869 872 2907 nostrorum
903 2880 1116 2908 numerus
1144 2869 1200 2908 ad
1228 2868 1446 2909 Bauariae
1484 2868 1719 2909 utilitatem
1749 2869 1822 2909 hic
1851 2869 1971 2908 foue-

412 3002 423 3019 ¹
446 3000 497 3033 Cf.
523 3001 647 3033 DUHR:
676 3000 902 3035 Geschichte
926 3002 997 3034 der
1017 3001 1235 3036 Jesm‘ten...
1260 3002 1287 3043 Ι,
1311 3003 1384 3035 341.
