2099 3516
1642 260 1662 294 ‚kx

1666 260 1685 294 λ1

1692 260 1708 294 μὴ

519 260 601 296 565.
627 282 673 286 -
699 260 918 296 MONACHIO
947 260 963 296 1
993 259 1249 296 SEPTEMBRIS
1278 259 1363 295 1561

887 488 999 538 565

417 630 996 680 CHRISTOPl-IORUS
1046 629 1468 679 LYNDAURUS

593 766 804 792 MONACfflo
834 755 849 790 1
879 765 1128 791 SEPTEMBRIS
1157 755 1245 790 1561
1274 756 1296 791 1.

124 878 162 913 1.
198 875 440 914 Octodecim
482 877 604 923 socii,
637 889 688 914 esc
732 875 891 925 quibus
934 877 1129 925 quinque
1175 875 1438 914 sacerdotes.
1471 897 1520 901 ——
1550 875 1643 914 Alii
1686 887 1758 913 ex-

233 940 507 990 spectantur.
533 963 581 967 —
609 944 650 979 2.
680 941 791 979 Piae
813 940 1109 990 Superioruin
1138 941 1396 979 industriae
1424 941 1475 979 ut
1503 940 1671 979 subditi
1701 940 1758 978 ad

224 1005 542 1054 perfectionem
579 1006 840 1044 excitentur.
873 1028 923 1031 -—
954 1009 994 1043 3.
1026 1004 1133 1055 Spes
1162 1006 1224 1044 est
1259 1005 1436 1054 aliquos
1457 1005 1759 1043 adulescentes

233 1069 494 1109 Societatem
538 1072 840 1121 ingressuros.
899 1070 1128 1109 Hebraeus
1171 1072 1347 1109 iuvenis
1396 1070 1453 1108 ad
1495 1070 1757 1108 catholicam

231 1135 361 1184 fidem
392 1148 647 1175 conversus.
675 1158 724 1162 —
753 1139 796 1174 4.
827 1136 890 1174 De
920 1136 1171 1174 domesticis
1202 1135 1403 1174 alumnis
1434 1147 1482 1174 ac
1507 1135 1759 1185 praecepto-

232 1199 372 1238 ribus.
404 1201 743 1250 Discipulorum
764 1202 812 1239 in
836 1201 999 1239 litteris
1020 1212 1069 1238 ac
1090 1200 1215 1239 bonis
1245 1200 1446 1239 moribus
1470 1211 1755 1250 progressus.

232 1287 283 1291 -—
314 1269 356 1304 5.
405 1266 554 1305 Novae
602 1266 729 1305 aedes
771 1266 1084 1316 perficiuntur.
1129 1266 1401 1304 Bibliotheca
1447 1265 1758 1314 munificentia

226 1331 454 1380 principis
497 1331 704 1369 ornatur.
738 1353 786 1357 —
832 1335 874 1369 6.
904 1332 1118 1370 Accessus
1162 1330 1218 1369 ad
1256 1331 1541 1369 sacramenta
1572 1343 1661 1369 non
1691 1331 1758 1368 in-

231 1395 472 1445 frequens:
501 1396 610 1446 quid
639 1396 764 1435 obsit.
796 1398 1038 1435 Doctrinae
1067 1396 1342 1434 christianae
1371 1396 1602 1446 expositio.
1635 1418 1684 1420 —
1717 1399 1757 1433 ¹7.

233 1460 464 1511 Principis
493 1461 533 1499 et
562 1461 761 1500 aliorum
790 1461 1057 1512 magnatum
1078 1473 1185 1511 erga
1215 1462 1357 1499 socios
1387 1460 1701 1499 benevolentia.

208 1596 244 1635 1.
265 1595 403 1646 †Jhs.
424 1595 577 1636 Gratia
598 1598 641 1635 et
661 1607 746 1646 pax
777 1595 942 1636 Christi
972 1596 1031 1635 sit
1060 1607 1232 1647 semper
1261 1596 1308 1635 in
1338 1595 1547 1635 cordibus
1576 1595 1756 1635 nostris.

125 1660 283 1700 Amen.
319 1660 549 1711 Temporis
594 1661 707 1700 ratio
749 1674 774 1700 a
814 1661 944 1700 nobis
987 1661 1212 1712 efflagitat,
1245 1660 1341 1700 R.‹¹e
1371 1660 1418 1700 in
1448 1660 1579 1701 Chro.
1612 1661 1755 1707 Pater,

126 1727 174 1765 ut
205 1725 490 1777 paucissimis
520 1726 671 1765 uerbis
700 1738 750 1765 ea
781 1726 1148 1777 perstringamus,
1179 1738 1293 1777 quae
1335 1725 1491 1766 diuina
1525 1726 1758 1766 clementia

124 1790 248 1829 hisce
278 1792 471 1841 quatuor
499 1790 665 1841 elapsis
695 1790 926 1830 mensibus
952 1802 1028 1841 per
1062 1802 1217 1830 seruos
1252 1802 1374 1838 suos,
1398 1790 1502 1830 licet
1531 1790 1757 1841 indignos,

124 1855 173 1894 in
203 1855 333 1894 vinea
364 1854 528 1895 Christi
572 1855 651 1907 filij
696 1855 766 1895 sui
797 1856 970 1907 operari
1013 1855 1196 1907 dignata
1239 1858 1319 1896 est.
1352 1856 1408 1895 Vt
1437 1858 1585 1895 autem
1615 1855 1758 1906 primo

124 1920 222 1960 loco
252 1932 317 1968 ea,
349 1933 463 1972 quae
496 1921 549 1960 de
583 1921 715 1961 rebus
758 1921 947 1972 priuatis
976 1923 1018 1961 et
1047 1921 1303 1961 domesticis
1346 1921 1580 1961 scribenda
1609 1932 1759 1960 occur-

124 1987 245 2033 runt,
278 1985 541 2037 significem,
574 1988 907 2026 commorantur
936 1986 981 2026 in
1011 1986 1095 2026 hoc
1115 1986 1264 2026 ducali
1285 1986 1473 2037 collegio
1504 1988 1759 2025 nostrorum

123 2050 384 2099 octodecim,
408 2063 460 2090 ex
485 2051 650 2102 quibus
679 2051 878 2103 quinque
912 2054 1017 2092 sunt
1046 2051 1312 2099 sacerdotes,
1343 2053 1432 2091 tres
1461 2051 1756 2098 coadiutores,

124 2116 287 2167 reliqui
318 2119 465 2156 autem
495 2118 574 2156 aut
605 2119 910 2168 praeceptores
943 2119 1020 2156 aut
1049 2117 1208 2156 classis
1251 2116 1491 2156 rhetorices
1533 2116 1757 2167 discipuli.

124 2180 444 2232 Exspectamus
473 2183 618 2221 autem
663 2182 862 2233 quotidie
906 2194 983 2222 sex
1025 2184 1102 2222 aut
1144 2184 1311 2233 septem
1345 2181 1459 2222 alios
1489 2181 1674 2222 Colonia
1703 2181 1759 2221 ad

126 2258 208 2286 nos
239 2249 469 2288 uenturos.
520 2246 684 2287 Omnes
713 2259 760 2287 se
793 2247 1032 2299 diligenter
1073 2249 1276 2287 exercent
1304 2247 1436 2287 dictis
1478 2246 1758 2298 superiorum

125 2322 293 2351 morem
323 2312 528 2363 gerendo,
552 2324 602 2352 ea
632 2324 745 2364 quae
766 2312 1031 2353 incumbunt
1052 2312 1239 2364 agenda,
1263 2324 1345 2352 suo
1366 2312 1463 2352 loco
1493 2314 1535 2351 et
1564 2314 1759 2362 tempore

123 2388 179 2417 ex
209 2377 366 2417 ordine
408 2377 719 2429 persoluendo,
751 2377 873 2417 cordi
916 2377 987 2418 sui
1030 2379 1194 2417 secreta
1240 2377 1520 2428 spiritalibus
1550 2376 1758 2416 Patribus

127 2443 378 2495 pandendo,
409 2446 452 2483 et
480 2455 633 2483 eorum
662 2443 877 2483 doctrinis
906 2445 948 2483 et
977 2443 1180 2493 consilijs
1222 2442 1559 2494 acquiescendo,
1590 2441 1760 2493 passio-

125 2520 205 2548 nes
235 2508 494 2557 fraenando,
525 2508 635 2548 vitia
680 2508 958 2560 extirpando,
990 2508 1236 2548 diabolicas
1277 2507 1546 2548 tentationes
1580 2509 1621 2547 et
1651 2506 1760 2546 assi—

124 2573 239 2613 duas
268 2573 615 2625 malignantium
646 2573 887 2625 spirituum
917 2585 1091 2625 pugnas
1134 2573 1374 2625 patientiae
1403 2573 1556 2624 clypeo
1586 2574 1628 2612 et
1656 2571 1758 2611 fidei

124 2638 253 2690 galea
296 2639 564 2690 superando,
596 2638 835 2678 exteriores
878 2638 1011 2678 etiam
1054 2650 1214 2678 sensus
1243 2650 1268 2678 a
1303 2638 1399 2678 suis
1441 2637 1759 2689 uagationibus

124 2705 170 2743 et
194 2703 567 2746 delectationibus
597 2703 870 2752 cohibendo;
902 2703 1217 2755 corpusculum
1247 2703 1438 2743 subinde
1458 2702 1648 2754 flagellis
1668 2713 1759 2742 cas-

125 2768 349 2820 tigando,
368 2768 679 2809 obseruantias
708 2780 886 2820 quoque
927 2771 970 2809 et
1007 2764 1185 2820 regulas
1227 2767 1461 2808 Societatis
1490 2769 1668 2807 nostrae
1697 2766 1758 2806 di-

124 2832 317 2885 ligenter
345 2834 590 2882 seruando;
623 2833 764 2873 Deum
795 2834 990 2886 denique
1023 2836 1115 2874 toto
1149 2833 1279 2873 corde
1317 2832 1560 2885 synceriter
1588 2834 1630 2872 et
1658 2843 1759 2872 con-

190 3000 199 3017 ¹
223 2998 277 3031 Ex
302 2999 490 3041 originali,
515 3000 582 3032 aut
605 3008 731 3041 apogr.
755 3008 902 3039 coaevo,
928 2999 967 3031 in
990 2999 1069 3032 cod.
1097 2998 1226 3032 Germ.
1250 2998 1335 3035 139,
1360 2997 1396 3031 ff.
1420 2998 1533 3035 88-89;
1558 2997 1663 3039 prius
1686 2997 1761 3029 233-

124 3051 188 3084 234
199 3052 381 3094 (affl-233).
396 3052 621 3085 particulam
634 3052 751 3085 edidit
767 3052 1080 3085 BRAUNSBERGER:
1095 3052 1140 3085 B.
1155 3051 1265 3084 Petri
1284 3051 1443 3084 Canisii
1455 3051 1593 3093 Epist„
1610 3049 1672 3090 III,
1685 3050 1758 3083 692.
