2099 3516
579 274 660 310 5020.
687 291 729 298 —
757 273 902 309 PRAGA
928 273 951 308 4
976 272 1075 308 MAn
1103 271 1190 307 1561
1579 270 1649 305 0295

152 398 212 438 11.
244 396 293 435 El
317 394 515 434 material
535 393 606 433 del
626 391 813 443 collegio
834 403 919 431 uaa
940 402 1045 441 muy
1065 390 1291 437 adelante3
1315 388 1440 428 estan
1461 388 1626 427 hechos
1646 388 1698 426 54

70 461 302 502 cubiculos
344 471 399 499 eu
442 471 503 499 un
551 459 667 498 buen
710 457 854 506 laneo,
886 467 971 506 que
1013 454 1107 494 esta
1149 454 1289 493 hecho
1320 453 1390 493 del
1420 452 1694 492 dormitorio.

72 527 220 578 Agora
240 537 287 565 se
307 525 454 564 andan
477 521 805 575 guarneciendo
826 520 893 560 las
913 519 1096 571 paredes
1118 531 1143 570 y
1165 518 1374 558 forrando
1395 518 1462 557 las
1481 516 1695 557 camaras.

73 591 248 643 [Preces
258 588 506 642 .postulat.]

179 656 242 695 De
271 654 477 695 Coimbra
505 654 531 692 4
559 653 612 692 de
641 652 756 691 Maio
785 651 838 690 de
883 650 982 689 1561
1028 652 1184 689 annos.
1217 649 1304 688 Por
1344 646 1587 688 comission
1628 647 1699 686 del

72 722 142 761 Ρ.θ
180 720 343 772 Miguel
373 720 426 759 de
459 718 583 759 Sosa.
618 717 806 768 Indigno
840 715 934 767 hijo
967 715 1021 755 de
1050 715 1101 754 V.
1135 715 1181 755 P.

918 845 1170 884 FRANCIsco
1200 855 1255 883 DE
1286 844 1535 883 MONCLARO
1566 845 1592 883 ¹.

833 1123 946 1172 520

450 1285 503 1335 P.
543 1282 884 1334 HENRICUS
934 1280 1335 1332 BLYSSEMIUS

653 1431 791 1458 PRAGA
817 1421 840 1456 4
866 1431 958 1456 MAH
987 1420 1076 1456 1561
1103 1419 1127 1456 2.

76 1568 114 1603 1.
147 1565 208 1603 De
238 1564 454 1613 religiosa
484 1561 726 1611 disciplina
755 1561 928 1610 egregie
968 1559 1166 1608 florente.
1198 1559 1261 1596 De
1286 1569 1541 1607 pauperum
1580 1556 1709 1595 colle-

183 1630 256 1679 yio
286 1629 326 1666 et
356 1628 406 1666 cle
435 1625 774 1666 convictoribus.
805 1646 855 1651 —-
885 1629 927 1662 2.
957 1624 1149 1662 Alumni
1178 1635 1206 1662 a
1229 1623 1435 1673 principe
1480 1622 1520 1660 et
1548 1621 1709 1660 senatu

186 1694 369 1743 benigne
397 1693 571 1742 recepti,
616 1691 805 1729 illorum
838 1689 993 1728 laudes
1035 1689 1240 1727 recitant.
1273 1709 1323 1713 —
1363 1691 1404 1725 3.
1435 1686 1710 1725 Litterariae

185 1759 539 1798 exercitationes.
571 1779 621 1783 —
649 1760 742 1795 4·5.
774 1755 1049 1806 Spiritualia
1079 1754 1258 1792 auxilia
1286 1754 1509 1803 proocirnis
1547 1752 1711 1790 collata

187 1836 429 1873 eorumque
457 1823 648 1873 fructus.
698 1821 953 1860 Concursus
993 1820 1050 1858 ad
1079 1819 1364 1858 sacramenta
1410 1817 1710 1867 suscipienda.

187 1889 316 1928 Libri
343 1889 669 1927 haereticorum
699 1886 912 1925 derelicti.
949 1885 1117 1935 Templi
1159 1884 1350 1922 ornatus
1380 1883 1546 1921 civium
1589 1881 1712 1920 bene-

188 1956 430 1994 volentiam
461 1955 594 1993 sociis
624 1952 846 1992 conciliat.
882 1952 1115 1990 Occasione
1144 1949 1377 1988 sollemnis
1414 1948 1713 1997 professionis

190 2021 284 2060 ΡΡ.
320 2020 492 2069 Hoffaei
534 2020 573 2057 et
618 2018 861 2069 qujssemii
884 2017 1043 2067 plures
1082 2015 1138 2054 ad
1167 2026 1347 2053 sacrarn
1391 2013 1713 2052 eucharistiam

189 2086 415 2125 accedunt.
452 2084 643 2132 Quidam
673 2084 852 2122 aulicus
881 2081 1147 2131 spiritualia
1167 2080 1379 2118 exercitia
1395 2091 1495 2117 cum
1512 2078 1715 2128 profectu

185 2151 378 2202 peragit.
407 2150 581 2200 Captivi
609 2149 649 2187 et
680 2148 851 2198 aeyroti
867 2147 1161 2186 adiuvantur.
1181 2167 1232 2171 —
1253 2149 1295 2183 6.
1317 2144 1586 2194 Maynaturn
1607 2154 1715 2193 erya

190 2218 332 2256 socios
361 2215 675 2255 benevolentia.
708 2236 758 2240 —
790 2217 833 2253 7.
863 2213 1021 2252 Pauca
1050 2211 1100 2250 de
1129 2210 1432 2250 oibinensibus
1460 2211 1608 2248 sociis,

166 2354 204 2393 1.
236 2354 265 2403 -Τ
295 2352 386 2391 Pax
416 2351 518 2402 Xpi.
541 2352 622 2390 etc.
646 2348 743 2389 Rde
776 2349 907 2388 Pater
936 2347 982 2386 in
1012 2346 1203 2387 Christo.
1230 2345 1484 2397 [Epistulae
1513 2345 1716 2384 ordinem

85 2417 295 2470 indicat]
327 2417 553 2467 Quantum
583 2415 720 2467 igitur
749 2413 917 2466 singuli
960 2413 1007 2452 in
1037 2411 1231 2463 singulis
1260 2412 1438 2450 nostrae
1470 2408 1717 2449 uocationis

150 2640 161 2658 ¹
184 2638 277 2670 Vide
299 2637 395 2670 Litt.
425 2635 646 2676 Quadrim„
670 2635 713 2673 V,
738 2635 810 2667 251.

150 2693 164 2712 ²
185 2692 239 2724 Ex
261 2692 407 2732 autogr.
432 2690 472 2722 in
496 2689 574 2721 cod.
603 2688 732 2721 Germ.
756 2687 841 2724 139,
865 2687 901 2719 ff.
926 2686 1039 2725 75-76;
1065 2685 1170 2727 prius
1192 2685 1271 2721 2662
1296 2683 1468 2725 sequitur
1484 2681 1586 2714 aliud
1599 2689 1719 2713 exem-

88 2746 191 2788 plum
214 2745 254 2777 in
276 2743 313 2777 ff.
338 2744 448 2776 77-78.
487 2742 655 2775 Tertium
691 2741 899 2783 exemplum
936 2741 992 2772 est
1029 2739 1069 2771 in
1092 2739 1171 2771 cod.
1197 2737 1348 2770 Hister.
1372 2736 1456 2768 Soc.
1482 2734 1554 2767 170
1577 2733 1719 2776 (Epist.

93 2798 301 2839 Quadrim.
339 2796 532 2837 1547-52)‚
571 2805 607 2828 n.
648 2795 698 2828 17.
736 2794 779 2827 In
816 2793 939 2826 tribus
976 2792 1154 2834 exemplis
1202 2790 1436 2823 desideratur
1472 2797 1612 2827 annus;
1657 2786 1720 2819 sed

89 2852 235 2885 nullum
258 2850 415 2883 dubium
437 2850 530 2891 quin
554 2857 652 2881 anno
675 2848 753 2881 1561
779 2848 919 2889 scripta
935 2847 985 2879 sit
1001 2845 1176 2888 epistula,
1195 2853 1279 2877 cum
1295 2843 1446 2876 aliunde
1462 2842 1561 2874 certo
1577 2840 1722 2873 constet

90 2905 129 2938 P.
153 2904 402 2946 Blyssemium
424 2903 494 2936 hoc
517 2911 616 2935 anno
638 2901 852 2934 sollemnem
874 2899 1141 2942 professionem
1164 2898 1344 2931 emisisse.
1370 2896 1432 2928 Est
1457 2895 1570 2927 etiam
1593 2902 1720 2935 apogr.

91 2959 132 2992 in
154 2958 296 2991 archiv.
320 2957 502 2990 colonien.
527 2956 695 2998 (HANSEN
718 2955 742 2987 l.
766 2963 797 2987 c.
822 2954 909 2995 765),
934 2954 970 2986 et
1006 2952 1251 2986 vindobonae
1288 2951 1328 2983 in
1365 2948 1544 2982 Biblioth.
1577 2947 1720 2980 nation.

92 3011 171 3045 cod.
197 3011 311 3043 13601.
335 3010 379 3042 In
402 3009 594 3051 aliquibus
616 3008 709 3041 locis
731 3007 862 3040 charta
884 3006 1106 3047 consumpta
1128 3005 1197 3044 est,
1223 3004 1286 3036 sed
1309 3003 1468 3042 litterae,
1506 3009 1602 3042 quae
1629 2999 1725 3032 desi-

93 3064 284 3104 derantur,
307 3063 416 3096 facile
439 3061 604 3104 suppleri
620 3061 791 3103 possunt.
808 3059 880 3092 Eas
895 3059 995 3092 inter
1009 3058 1213 3101 quadratas
1228 3055 1471 3099 parentheses
1486 3053 1723 3087 inclusimus.
