2099 3516
400 292 488 327 vill
1040 292 1272 328 PRAEFA'mo

347 411 614 450 descubierto
657 412 796 461 alynn
843 411 1002 461 defecto
1048 423 1158 462 suyo
1261 426 1281 446 »
1323 412 1350 449 1.
1401 411 1606 449 Pronum
1655 411 1718 449 est
1765 411 1959 460 coyitare

344 487 654 526 Provinciales
698 488 799 526 huic
845 489 911 526 rei
955 489 1124 526 maiore
1166 500 1275 526 cura
1303 488 1579 536 invigilasse.
1610 488 1673 525 De
1703 486 1791 526 Sto.
1822 487 1957 526 Petro

351 561 543 610 Canisio,
579 563 844 602 Germaniae
874 563 1129 613 Superioris
1156 564 1449 610 Provinciali,
1473 563 1557 601 duo
1578 563 1683 601 haec
1703 563 1959 602 testimonia

341 639 545 688 proferre
572 640 712 677 iuvat.
743 641 796 678 P.
828 640 1066 678 Hurtadus
1112 639 1247 678 Pe'rez
1293 641 1342 678 in
1392 640 1553 677 litteris
1601 638 1718 676 datis
1752 639 1959 688 Augusta

347 714 415 752 die
444 717 494 753 15
525 716 685 754 Martii
714 728 766 754 ex
795 717 1103 754 commissione
1132 716 1182 753 P.
1219 715 1391 754 Canis-ii
1422 715 1477 753 ad
1511 715 1562 753 P.
1602 714 1863 753 Generalem
1894 714 1957 752 di-

347 792 431 830 cit:
481 805 500 824 «
605 793 666 830 Le
696 793 1021 841 quadrimestre
1068 792 1118 831 de
1156 793 1324 831 Vienna
1369 794 1409 830 et
1437 793 1591 841 Pragya
1621 792 1756 840 furno
1786 792 1958 829 riman-

347 868 445 907 date
486 869 558 907 che
606 869 642 907 Ze
689 870 1007 916 emendassero,
1058 870 1097 908 et
1140 871 1243 918 perb
1291 881 1371 907 son
1419 870 1530 907 state
1578 869 1764 917 differite
1863 883 1883 902 »
1928 868 1957 906 ².

345 945 398 982 P.
431 946 625 983 Ioannes
654 946 704 984 de
740 946 946 994 Victoria,
978 946 1150 994 colleyii
1178 945 1519 984 vindobonensis
1548 946 1702 993 rector,
1726 946 1773 982 in
1796 944 1959 982 litteris

345 1021 535 1059 Romam
563 1023 716 1060 missis
745 1022 813 1060 die
840 1024 891 1060 30
920 1022 1033 1060 Iulii
1061 1023 1169 1059 1561
1200 1022 1257 1060 ad
1303 1021 1354 1059 P.
1391 1021 1754 1071 Christophorum
1785 1021 1835 1058 de
1864 1021 1959 1058 Ma-

347 1097 460 1144 drid,
491 1097 594 1136 haec
622 1098 857 1136 scribebat:
889 1112 907 1131 «
1016 1099 1076 1136 Le
1113 1098 1445 1144 Quadrimestre
1474 1099 1544 1136 che
1573 1098 1619 1136 V.
1642 1098 1694 1136 R.
1720 1097 1956 1143 domanda,

347 1173 381 1211 il
409 1173 461 1212 P.
492 1174 775 1212 Provinciale
806 1173 871 1224 [S.
903 1174 1066 1213 Petrus
1099 1172 1330 1224 Canisius]
1361 1175 1419 1213 ha
1446 1175 1580 1213 hauto
1615 1187 1697 1212 vno
1741 1173 1959 1222 eocempla-

346 1260 406 1297 re,
437 1248 589 1287 benche
617 1262 753 1288 erano
783 1251 885 1299 fatti
914 1250 1035 1297 dieci,
1079 1251 1185 1299 perb
1223 1262 1313 1288 non
1342 1250 1457 1288 hano
1487 1251 1669 1296 seruito,
1702 1251 1741 1288 et
1770 1251 1861 1288 cosi
1893 1249 1959 1287 lui

349 1324 407 1362 ha
430 1325 620 1374 piyliato
648 1327 684 1364 il
714 1327 912 1364 assumto
943 1326 992 1364 de
1020 1326 1282 1374 riformarle
1321 1326 1360 1364 et
1400 1327 1516 1375 farte
1545 1328 1827 1376 racopiare...
1861 1340 1880 1359 »
1928 1324 1955 1363 ³.

352 1400 463 1447 Quia
493 1401 540 1439 ob
569 1402 725 1440 Patris
756 1402 942 1440 Polanci
971 1403 1213 1440 discessum
1245 1403 1416 1441 litterae
1445 1415 1533 1441 non
1566 1403 1763 1452 amplius
1791 1403 1959 1440 Romae

348 1479 513 1527 corrigi
543 1478 757 1525 debebant,
789 1479 1008 1517 decretum
1037 1479 1115 1524 est,
1146 1480 1196 1517 ‘ut
1221 1480 1400 1528 praeter
1436 1480 1685 1528 eaeemplum
1718 1480 1767 1517 in
1805 1478 1957 1517 Urbem

346 1553 548 1599 missum,
579 1554 778 1603 eocempla
808 1554 967 1592 directe
995 1566 1048 1592 ecc
1075 1566 1169 1592 una
1192 1556 1427 1603 provincia
1473 1556 1521 1593 in
1565 1555 1705 1592 aliam
1734 1554 1958 1592 mitteren-

346 1630 444 1667 tur:
477 1630 591 1678 quod
621 1631 766 1668 tamen
795 1642 901 1668 raro
929 1632 979 1668 in
1010 1631 1172 1669 litteris
1199 1631 1334 1669 huius
1363 1632 1606 1669 voluminis
1635 1631 1831 1680 apparet,
1859 1642 1958 1668 cum

346 1717 427 1743 nos
454 1707 700 1755 generatim
730 1707 929 1755 exempla
958 1708 1005 1745 in
1042 1707 1196 1745 Urbem
1243 1709 1382 1745 missa
1420 1719 1531 1756 prae
1560 1706 1770 1745 manibus
1799 1706 1956 1743 habue-

346 1783 504 1820 rimus.

456 1857 629 1896 Codices
657 1872 708 1897 eoc
738 1859 893 1908 quibus
921 1860 1001 1897 has
1033 1860 1206 1898 litteras
1253 1860 1619 1909 deprompsimuS,
1658 1860 1750 1897 sive
1799 1857 1957 1907 quibus

347 1934 403 1972 ad
432 1947 506 1973 eas
535 1935 835 1974 illustrandas
863 1938 936 1974 usi
982 1949 1152 1983 sumus,
1188 1937 1321 1975 iidem
1351 1938 1440 1986 fere
1487 1937 1606 1984 sunt,
1655 1937 1732 1985 qui
1774 1937 1821 1973 in
1852 1933 1953 1972 Litt.

346 2008 570 2058 Quadrim.
612 2012 654 2059 V,
687 2014 886 2060 967-970‚
918 2014 957 2051 et
985 2012 1087 2051 Litt.
1120 2011 1345 2061 Quadrim.
1386 2014 1456 2059 VI,
1484 2025 1587 2062 pay.
1614 2013 1705 2050 VH
1732 2023 1956 2050 recensen-

347 2087 434 2124 tur.
466 2087 534 2125 Ad
563 2090 711 2126 maius
741 2089 886 2127 tamen
907 2089 1184 2127 commodum
1206 2090 1417 2128 lectorum
1434 2089 1615 2136 brevem,
1637 2088 1712 2126 sed
1731 2088 1957 2137 integrum

346 2164 598 2213 catalogum
626 2166 694 2203 hic
722 2166 977 2204 subicimus.

449 2324 458 2339 ¹
482 2321 532 2354 Cf.
556 2322 700 2354 Lainii
722 2323 893 2357 Menum.
919 2324 960 2363 V,
984 2325 1035 2356 36.

447 2376 459 2393 2
481 2373 532 2407 Cf.
557 2375 868 2408 BRAUNSBERGER:
892 2377 935 2409 B.
960 2377 1070 2409 Petri
1096 2377 1252 2410 Canisii
1275 2378 1412 2419 Epist..
1438 2378 1500 2417 ΙΙΙ,
1525 2379 1576 2410 74.

447 2429 459 2446 ³
480 2427 624 2459 Lainii
647 2428 830 2465 Monuni„
856 2429 896 2468 V,
921 2431 991 2462 651.
