2099 3516
633 782 1202 844 PRAEFATIO

213 1027 322 1066 Post
352 1028 516 1077 septem
548 1038 691 1066 annos
722 1040 748 1066 a
777 1027 1005 1066 volumine
1044 1028 1095 1065 61
1125 1025 1387 1064 nostrorum
1422 1023 1735 1062 Monumento-

104 1116 212 1142 rum
244 1102 456 1154 (Litterae
486 1103 856 1153 Quadrimestres,
888 1102 963 1153 VI)
995 1103 1123 1150 edito,
1155 1115 1208 1141 en
1234 1102 1325 1151 tibi,
1359 1102 1493 1140 lector
1522 1100 1734 1146 benevole,

107 1181 195 1219 vol.
252 1183 320 1228 62,
353 1180 542 1220 Litterae
590 1180 959 1230 Quadrimestres,
1000 1179 1095 1219 VH.
1128 1180 1418 1218 Necessariae
1464 1178 1737 1217 mutationes

108 1260 347 1306 sociorum,
382 1259 542 1308 quibus
564 1259 778 1309 paranda
821 1259 979 1308 aliqua
1021 1258 1256 1296 ‘columina
1298 1257 1537 1295 commissa
1579 1255 1738 1303 erant;

109 1336 283 1385 tempus
313 1336 634 1385 exspectatione
685 1336 865 1385 longius
912 1337 959 1373 in
999 1334 1180 1373 edendis
1209 1333 1330 1382 aliis,
1362 1345 1473 1382 quae
1501 1332 1621 1370 inter
1651 1331 1736 1369 duo

108 1413 391 1452 Litterarum
426 1413 837 1460 Quadrimestrium
858 1413 1064 1462 imprimi
1094 1411 1345 1450 debuissent
1362 1424 1374 1457 ;
1405 1410 1646 1448 translatio
1669 1408 1738 1446 de-

106 1492 243 1539 nique
289 1491 437 1529 nostri
479 1492 625 1540 operis
672 1503 724 1528 ex
771 1491 999 1539 Hispania
1045 1491 1093 1527 in
1140 1488 1308 1536 Urbem,
1340 1488 1379 1526 et
1407 1488 1652 1526 necessarii
1682 1486 1738 1524 ad

106 1567 221 1606 lianc
254 1568 600 1607 translationem
633 1567 818 1614 labores,
850 1569 897 1605 in
929 1578 1067 1605 causa
1100 1566 1285 1615 fuerunt
1314 1565 1364 1603 ut
1406 1565 1483 1602 hoc
1530 1564 1738 1602 volumen

107 1646 240 1684 solito
272 1647 421 1684 serius
449 1647 499 1684 in
549 1647 689 1685 lucem
738 1645 928 1691 edatur;
956 1645 1005 1683 ut
1036 1644 1181 1694 aliqui
1218 1645 1308 1682 iam
1342 1642 1611 1681 crediderint
1641 1642 1737 1679 Mo-

108 1723 328 1761 numenta
356 1724 515 1762 nostra
545 1724 678 1772 finem
707 1722 928 1761 habuisse.
960 1722 1260 1760 Renascimur
1289 1732 1405 1767 vero,
1438 1720 1477 1758 et
1521 1719 1572 1757 ut
1600 1718 1740 1757 solide

107 1812 359 1850 speramus,
393 1800 489 1839 alia
509 1801 745 1839 volumina
768 1811 859 1838 non
880 1800 945 1837 ita
967 1799 1097 1849 longjo
1127 1797 1368 1836 intervallo
1397 1796 1638 1845 subsequen
1648 1796 1736 1834 tur.

217 1878 455 1927 Praesens,
494 1878 531 1917 V
555 1879 594 1916 et
631 1878 695 1916 VI
720 1877 806 1916 vol.
839 1877 1122 1915 Litterarum
1157 1875 1567 1923 Quctdrimestrium
1605 1873 1741 1912 conti-

109 1956 267 1994 nuatio
298 1956 390 2001 est‚·
422 1967 560 2004 quare
590 1967 700 2004 quae
729 1956 778 1993 in
809 1955 997 1993 illorum
1040 1954 1187 1999 initio,
1228 1953 1267 1991 et
1295 1953 1535 2002 praecipue
1568 1952 1616 1989 in
1640 1962 1741 2000 pre-

107 2033 278 2082 fatione
311 2033 392 2071 vol.
433 2033 480 2079 V,
513 2033 563 2071 de
590 2033 755 2071 harum
801 2032 1059 2070 litterarum
1098 2031 1266 2069 natura
1309 2029 1349 2067 et
1392 2041 1481 2067 usu
1523 2028 1739 2075 diximus,

111 2111 182 2149 hic
203 2110 499 2160 intelligenda
528 2111 648 2156 sunt,
678 2122 755 2148 nec
786 2109 986 2159 longiore
1003 2108 1285 2158 praefatione
1305 2118 1415 2156 opus
1435 2118 1527 2145 esse
1547 2105 1738 2144 videtur.

217 2187 275 2224 In
304 2186 382 2225 hoc
418 2186 510 2225 VII
536 2186 621 2224 vol.
654 2186 809 2224 nullae
857 2186 946 2235 fere
976 2185 1082 2223 sunt
1124 2184 1298 2223 litterae
1329 2195 1354 2221 a
1385 2183 1582 2221 Polanco
1612 2182 1743 2220 casti-

106 2265 254 2315 gatae,
286 2265 382 2303 tum
405 2265 591 2314 propter
618 2265 756 2303 liuius
784 2264 944 2302 Patris
972 2263 1256 2312 urgentiores
1293 2263 1342 2300 in
1372 2261 1465 2299 dies
1494 2260 1741 2309 occupatio-

111 2353 203 2388 nes,
235 2342 275 2380 et
303 2342 483 2391 propter
511 2342 598 2380 iter
624 2341 855 2391 gallicum,
888 2340 1004 2390 quod
1033 2339 1085 2379 P.
1118 2339 1306 2378 Lainem
1336 2338 1591 2389 generalem
1611 2337 1743 2376 comi-

111 2419 235 2457 tatus
266 2419 475 2468 conficere
522 2419 699 2457 coactus
746 2418 839 2457 est:
870 2418 963 2456 tum
1012 2418 1118 2466 quia
1166 2417 1315 2455 maior
1343 2427 1453 2454 cura
1500 2416 1548 2453 in
1580 2414 1745 2452 litteris

109 2496 358 2535 scribendis
386 2508 560 2546 semper
588 2495 995 2534 commendabatur.
1026 2495 1099 2533 Ita
1148 2494 1217 2533 die
1246 2496 1301 2533 30
1330 2493 1506 2544 Aprilis
1548 2493 1743 2531 Provin-

112 2573 304 2613 cialibus
333 2573 585 2623 Hispaniae
615 2572 670 2619 (et
695 2572 989 2623 probabiliter
1023 2572 1130 2610 aliis
1160 2570 1383 2618 omnibus)
1413 2571 1557 2609 Roma
1585 2569 1744 2608 scribe-

112 2650 246 2689 batur
264 2665 276 2689 :
307 2664 327 2683 «
426 2650 558 2688 Estos
588 2650 688 2688 dias
737 2662 781 2688 se
828 2650 954 2688 envio'
987 2649 1032 2688 la
1059 2649 1209 2698 forma
1239 2648 1307 2686 del
1337 2648 1511 2686 screuir
1554 2647 1604 2685 de
1633 2646 1744 2685 cada

106 2728 367 2777 prouincia.
400 2727 598 2777 Despue's
627 2726 705 2765 aca
737 2739 782 2765 se
812 2727 964 2775 offrece
1011 2726 1213 2765 occasion
1262 2725 1312 2764 de
1358 2724 1653 2764 encomendar
1689 2735 1743 2761 en

107 2804 369 2854 particular
397 2817 461 2844 un
485 2805 629 2854 punto
661 2816 743 2853 que
771 2816 825 2842 en
870 2804 914 2842 la
957 2803 1085 2842 dicha
1113 2804 1263 2852 forma
1301 2815 1346 2841 se
1394 2803 1500 2849 toca,
1531 2814 1560 2851 gy
1588 2813 1632 2839 es
1663 2812 1744 2849 que

112 2894 160 2920 se
189 2883 366 2920 escriua
396 2881 447 2920 de
478 2882 546 2920 las
576 2893 702 2920 cosas
731 2881 782 2920 de
811 2881 1079 2930 edificacio'n‚
1112 2881 1190 2919 tan
1219 2881 1293 2918 sin
1338 2880 1553 2930 perjuicio
1584 2878 1652 2916 del
1681 2889 1744 2916 se-

112 2958 243 3006 creto,
276 2970 358 3008 que
404 2970 450 2996 se
495 2958 613 3008 haya
659 2959 830 3005 cuenta,
863 2970 945 3007 que
993 2957 1222 3008 leyendose
1251 2969 1304 2995 en
1336 2957 1380 2994 la
1410 2957 1574 2994 misma
1604 2954 1744 2993 tierra

116 3035 187 3074 las
219 3035 369 3083 letras,
401 3048 459 3074 no
488 3036 634 3085 pueda
682 3047 900 3085 queoearse
946 3047 1024 3074 con
1072 3035 1210 3074 raeo'n
1239 3035 1444 3084 ninyuno
1480 3033 1529 3071 de
1559 3043 1640 3082 que
1668 3043 1745 3071 sea
