2099 3516
525 235 606 272 570.
634 256 681 260 —
706 234 949 270 VINDOBONA
977 233 993 268 1
1023 233 1279 269 SEPTEMBms
1306 232 1394 269 1561
1657 231 1727 267 490

146 355 217 395 his
246 355 491 406 praeparet,
522 353 599 405 qui
629 353 770 402 breui,
801 353 892 392 Deo
921 352 1047 399 duce,
1078 363 1129 391 eo
1159 351 1390 390 mittentur
1420 352 1447 390 ².
1477 350 1638 389 Doctor
1668 349 1774 389 Her-

146 432 238 460 mes
266 421 281 444 2
311 421 354 459 et
383 420 453 459 Pr.
486 418 705 458 Henricus
735 420 748 442 ³
778 418 825 457 in
855 416 1125 463 Flandriam,
1157 415 1298 462 breui,
1331 417 1379 454 ut
1421 426 1666 466 speramus,
1699 425 1773 453 ne-

145 485 279 537 gotijs
322 484 413 524 illic
455 484 682 531 confectis,
714 484 802 523 huc
845 481 1083 522 reuersuri.
1116 481 1169 522 M.
1201 480 1481 532 Volfgangus
1520 479 1658 519 Maria
1688 481 1702 502 4
1732 480 1774 518 et

149 550 353 590 Vrbanus
381 550 396 573 ⁵
427 549 629 600 Pragam.
675 548 841 599 Caspar
882 546 1165 588 LahacensiS.
1206 547 1248 585 et
1287 544 1518 584 Pascualis
1548 546 1577 592 ὅ,
1610 544 1657 583 in
1688 544 1775 582 Ita-

144 615 266 655 liam.
298 615 350 655 D.
382 613 545 661 Saidel,
578 613 835 653 Anthonius
865 611 1034 651 flander
1061 612 1091 657 7,
1126 611 1279 650 Palma
1318 609 1374 649 ad
1414 609 1652 660 collegium
1687 610 1774 660 tyr-

145 679 359 720 nauiense
389 679 436 718 in
465 678 722 729 Vngariam.
756 678 826 717 Pr.
859 676 1003 716 Dauid
1034 676 1212 722 Eckius,
1245 675 1322 726 qui
1352 674 1457 714 hinc
1487 673 1773 725 Au[gu]stam

146 756 300 784 versus
330 744 552 795 profectus
581 745 688 791 erat,
721 743 896 782 Italiam
927 741 1158 781 reuisurus
1186 740 1313 780 breui
1352 739 1515 779 dicitur
1540 740 1569 779 3.
1602 738 1776 789 Dirigat

145 810 303 849 horum
334 809 553 848 Dominus
584 809 740 848 ihesus
769 810 812 847 et
841 807 923 846 iter
951 809 992 846 et
1022 805 1235 853 actiones,
1267 816 1439 855 nosque
1470 805 1647 843 tueatur
1680 815 1775 842 om-

145 886 238 922 nes,
272 886 349 925 pro
379 874 577 913 bonitate
607 886 703 921 sua,
731 884 915 924 semper.
950 872 1128 911 Praeter
1156 871 1239 910 hos
1268 882 1403 921 quam
1433 869 1584 920 plures
1614 868 1690 920 alij
1722 868 1775 907 de

145 939 364 979 sententia
408 938 493 979 Rdi
537 939 647 979 Pris.
702 936 992 989 prouincialis
1035 938 1064 983 ⁹,
1106 936 1225 983 hinc,
1271 935 1387 975 circa
1439 933 1775 973 renouationem

145 1005 395 1045 studiorum
438 1004 740 1051 dimittentur3
774 1005 819 1042 vt
848 1004 999 1042 nostra
1042 1000 1318 1040 abundantia
1361 999 1551 1039 aliorum
1587 998 1645 1038 sit
1674 1009 1776 1047 sup-

145 1070 417 1121 plementum
446 1069 750 1120 collegiorum.
783 1068 837 1108 M.
869 1066 1072 1119 Ogerius,
1104 1066 1383 1117 Volfgangus
1417 1063 1693 1110 Arcularius,
1726 1074 1776 1102 ac

145 1134 392 1175 Orthnerus
423 1125 454 1158 1⁶
484 1134 734 1185 Augustam
764 1124 870 1173 sunt
900 1131 1097 1184 profecti.

223 1200 261 1239 4.
296 1199 501 1250 Insignes
530 1201 755 1250 praeterea
789 1208 1064 1249 magnaeque
1098 1195 1192 1247 spei
1227 1195 1531 1235 adolescentes
1566 1192 1775 1233 tredecim

145 1265 192 1305 in
222 1277 341 1304 nouo
372 1265 449 1304 illo
478 1263 697 1315 tyrocinio
736 1264 917 1314 degunt,
955 1262 1007 1301 de
1042 1273 1130 1313 quo
1165 1261 1277 1300 alias
1308 1260 1363 1300 ad
1394 1260 1445 1299 R.
1480 1260 1526 1300 P.
1558 1258 1606 1298 T.
1640 1257 1776 1308 scrip-

145 1330 301 1378 simus,
333 1343 357 1369 a
389 1330 519 1369 nobis
548 1332 590 1369 et
618 1330 730 1375 loco,
753 1331 795 1368 et
816 1340 983 1373 mensa,
1007 1330 1049 1367 et
1078 1326 1315 1378 exercitijs,
1347 1328 1390 1365 et
1418 1324 1773 1371 conuersatione,

145 1397 193 1435 ut
223 1395 500 1446 probationis
530 1394 642 1434 ratio
671 1394 823 1445 exigit,
855 1393 901 1432 in
931 1393 1015 1432 hoc
1044 1392 1198 1432 eodem
1228 1391 1415 1442 collegio
1445 1390 1623 1442 quidem
1654 1400 1775 1439 sepa-

145 1461 245 1502 rati.
277 1461 324 1499 in
353 1472 404 1499 eo
435 1460 551 1499 vitae
582 1471 739 1511 genere
769 1460 966 1498 nostram
1006 1470 1113 1497 sane
1152 1457 1240 1496 tere
1278 1456 1479 1495 omnium
1513 1449 1777 1505 expectatio-

145 1538 243 1566 nem
275 1526 476 1576 exemplo
506 1537 688 1576 prorsus
716 1532 733 1550 ἃ
764 1525 1044 1575 superarunt,
1077 1535 1127 1562 ac
1158 1522 1281 1562 breui
1312 1520 1525 1571 temporis
1554 1519 1776 1559 curriculo

145 1593 319 1630 tantum
340 1591 386 1630 in
407 1590 650 1630 virtutibus
680 1589 837 1629 solidis
868 1589 1078 1628 uidentur
1108 1587 1360 1639 profecisse,
1393 1587 1441 1626 ut
1471 1585 1637 1625 iudicio
1668 1583 1776 1623 mul-

145 1658 291 1696 torum
330 1655 738 1706 approbationeque
770 1655 819 1695 R.
853 1654 999 1693 Patris
1038 1652 1336 1692 Prouincialis
1375 1651 1430 1691 ad
1465 1650 1631 1697 studia,
1663 1660 1776 1700 quae

145 1723 243 1772 post
274 1733 409 1760 vnum
441 1723 573 1772 atque
602 1720 790 1760 alterum
821 1731 1032 1766 mensem,
1065 1718 1241 1759 Christo
1272 1718 1404 1757 Ihesu
1426 1718 1537 1756 bene
1568 1714 1774 1766 propitio,

146 1787 529 1834 restaurabuntur,
553 1786 709 1825 merito
732 1785 856 1824 illinc
877 1785 1004 1824 educi
1025 1785 1228 1824 debeant.
1260 1783 1342 1823 His
1372 1782 1623 1827 succedent,
1657 1780 1777 1832 paris

145 1851 479 1903 expectationis,
512 1853 558 1891 ut
589 1862 835 1902 speramuS,
867 1849 959 1902 alij.
994 1841 1061 1889 Ex'
1086 1849 1157 1888 his
1187 1851 1275 1888 tres
1304 1850 1477 1888 tantum
1508 1847 1642 1886 hocce
1671 1858 1777 1897 qua-

145 1916 367 1956 drimestri
398 1916 597 1967 proxime
626 1917 794 1964 exacto,
826 1916 972 1955 locum
1003 1915 1137 1961 hunc,
1165 1914 1516 1965 dignitatemque
1546 1923 1596 1951 ac
1625 1911 1777 1962 singu-

145 1982 236 2021 lare
266 1981 345 2021 Dei
376 1981 639 2021 beneficium
669 1983 775 2021 sunt
803 1980 1052 2027 consecuti;
1089 1991 1280 2031 quorum
1311 1990 1426 2018 Vnus
1456 1977 1634 2029 quidem
1666 1976 1776 2015 flan-

145 2047 235 2094 der,
267 2049 331 2086 est
362 2047 601 2094 diaconus,
633 2046 745 2086 alter
776 2058 879 2086 uero
914 2045 1167 2097 tyrolensis,
1200 2046 1388 2084 venusta
1419 2043 1544 2089 facie,
1577 2053 1777 2093 corpore-

207 2203 225 2221 a
245 2194 327 2227 Del.
355 2203 387 2227 υ.
413 2203 545 2235 separa
574 2194 728 2235 imperf.

193 2333 216 2375 .¹
243 2330 293 2364 Cf.
319 2331 372 2363 sis
394 2330 540 2362 Lac'nii
562 2330 737 2362 Monam.
764 2330 822 2366 VI,
846 2330 921 2369 931,
946 2330 1019 2369 233,
1045 2330 1116 2365 235,
1141 2329 1213 2361 353.

208 2386 220 2404 2
242 2384 279 2417 P.
305 2385 458 2417 Hermes
481 2383 729 2425 Winghenius
752 2384 997 2423 tornacensis,
1015 2383 1226 2424 theologiae
1250 2382 1444 2424 professor.
1464 2381 1515 2414 Cf.
1540 2381 1778 2413 BRAUNSBER-

147 2446 237 2470 GER:
262 2438 306 2470 Β.
324 2438 436 2470 Petri
455 2437 614 2470 Cani-sii
629 2436 770 2478 Epist..
796 2437 858 2477 ΙΙΙ,
885 2438 956 2475 151,
988 2437 1116 2469 annot.
1141 2437 1182 2475 5;
1202 2436 1272 2475 191,
1292 2436 1420 2468 annot.
1438 2436 1482 2471 3.;
1501 2435 1571 2471 272,
1590 2435 1718 2466 annot.
1743 2434 1773 2466 ⁶2.

207 2493 220 2511 ³
242 2491 451 2524 Secundum
476 2491 783 2530 BRAUNSBERGER,
818 2491 841 2523 Ι.
867 2500 896 2523 c.
922 2491 994 2529 2792,
1019 2491 1147 2522 annot.
1176 2490 1206 2529 2,
1225 2490 1305 2522 erat
1328 2490 1361 2521 is
1392 2489 1429 2521 P.
1454 2488 1637 2520 Henricus
1661 2486 1775 2520 Goch.

208 2545 220 2563 ⁴
243 2545 294 2577 De
316 2553 359 2576 eo
383 2543 434 2577 Cf.
461 2544 768 2583 Brmuusmmosn,
795 2543 884 2576 ibid.
911 2544 981 2582 186,
1007 2543 1135 2575 annot.
1160 2543 1201 2575 5:
1227 2543 1298 2574 718.

209 2601 221 2617 ⁵
242 2597 416 2630 Urbanus
441 2597 606 2629 Frentzel
629 2596 822 2629 bohemus.
849 2597 938 2629 ibid.
964 2597 1036 2629 718.

208 2654 219 2671 ⁶
242 2651 293 2684 Cf.
319 2651 409 2683 ibid.
434 2651 507 2690 2025,
532 2651 658 2683 annot.
684 2651 713 2683 7.
739 2650 781 2682 In
804 2650 913 2682 catal.
938 2650 1019 2682 coll.
1045 2650 1262 2682 viennensis
1279 2649 1369 2681 anni
1395 2649 1475 2681 1559
1498 2648 1670 2680 censetur
1693 2646 1777 2679 Cas-

146 2714 260 2747 parus
282 2704 418 2737 Textor
441 2704 662 2742 labacensiS,
687 2704 835 2736 iuvenis
860 2704 899 2735 16
921 2712 1116 2736 annorum.
1143 2703 1245 2744 (Cod.
1274 2702 1402 2735 Germ.
1432 2702 1514 2737 131,
1540 2700 1563 2733 f.
1588 2700 1728 2741 216.v).

209 2759 219 2776 ⁷
243 2758 294 2790 De
316 2757 480 2789 Antonio
504 2757 596 2790 Guis
619 2757 762 2789 flandro
784 2757 869 2789 vide
891 2757 987 2789 Litt.
1018 2756 1237 2796 Quadrim„
1261 2755 1321 2791 Vl,
1347 2756 1419 2788 608.

208 2813 220 2831 ⁸
242 2811 293 2844 De
316 2811 451 2843 itinere
484 2810 522 2843 P.
547 2810 651 2842 Eckii
685 2811 803 2843 multa
835 2810 1005 2843 invenies
1042 2810 1141 2851 apud
1175 2809 1483 2847 BRAUNSBERGER‚
1526 2807 1584 2847 ΙΙΙ,
1610 2807 1679 2839 sub
1702 2815 1759 2839 v.0

146 2864 295 2897 Eckius.

208 2920 220 2937 ⁹
242 2917 280 2951 P.
305 2917 436 2950 Petrus
459 2917 648 2950 Canisius.

208 2972 234 2990 ¹⁰
256 2971 307 3003 De
330 2970 463 3012 Ogerio
487 2970 722 3002 Davantiano
744 2970 829 3002 vide
852 2969 1159 3008 BRAUNSBERGER‚
1177 2969 1201 3002 Ι.
1220 2978 1249 3001 c.
1268 2969 1350 3008 Q&
1369 2967 1524 3000 Orthero
1547 2975 1681 2999 nomen
1697 2967 1777 2998 erat

146 3023 304 3056 Ioannes
326 3023 435 3064 (Ibid.
459 3023 532 3062 2⁶25,
557 3024 593 3055 et
617 3022 732 3055 Catal.
758 3022 898 3055 mensis
921 3022 998 3055 Oct.
1026 3023 1116 3057 1561,
1141 3022 1185 3054 de
1208 3030 1283 3063 quo
1307 3021 1418 3062 paulo
1442 3019 1627 3060 inferius).
