2099 3516
388 252 458 288 5a4
852 257 1054 296 LITTERAE
1081 260 1425 304 QUADmMEs'rREs

340 382 452 420 quos
482 372 663 412 Romam
697 387 782 413 vna
801 388 899 415 cum
923 378 1026 417 dno.
1058 378 1283 416 Ludouico
1314 380 1325 401 1
1360 379 1475 418 misit
1510 387 1541 420 ἃ.
1584 381 1786 431 Plerique
1828 383 1905 421 alii
1936 382 1953 409 b

342 446 497 485 magne
526 439 844 487 expectationis
875 441 996 480 breui
1028 444 1132 481 sunt
1161 442 1357 481 eamdem
1390 443 1647 493 ingressuri.

417 500 455 539 5.
488 500 730 551 Collegium
750 506 948 544 nostrum
968 506 1092 545 valde
1118 508 1413 556 promouetur,
1432 508 1732 560 templumque
1755 513 1950 551 nostrum

340 576 488 604 mense
518 565 693 605 Octobri
724 569 976 609 absolutum
1010 571 1061 609 iri
1093 583 1336 621 speramus,
1370 574 1415 610 vt
1443 584 1493 611 eo
1522 575 1717 624 tempore
1747 575 1953 615 funebres

338 630 519 680 exequie
548 631 741 682 episcopi
776 634 921 683 perfici
951 638 1130 685 queant,
1163 638 1293 686 atque
1324 636 1369 674 in
1399 648 1450 675 ea
1479 645 1493 663 ⁰
1523 639 1628 677 aede
1650 639 1772 678 illius
1793 651 1952 690 corpus

338 693 575 735 inhumari.
609 696 703 746 Quo
733 698 864 737 etiam
895 702 1089 750 tempore
1118 703 1155 739 et
1198 701 1292 739 loco
1335 703 1576 745 Comoedia.
1608 704 1949 754 disputationes,

336 758 764 812 declamationesque
797 764 1089 809 habebuntur,
1125 768 1168 804 vt
1205 766 1395 805 virorum
1441 768 1658 808 nobilium
1705 772 1747 809 et
1790 770 1951 810 littera·

336 825 496 870 torum,
528 825 603 875 qui
636 828 726 865 tum
758 828 959 873 aderunt,
991 831 1300 879 expectationi,
1332 833 1478 882 quoad
1500 833 1592 872 fieri
1624 835 1778 884 possit,
1801 848 1952 876 cumu-

337 887 423 926 late
453 891 799 939 respondeamus
832 892 865 932 (¹.
900 894 1016 933 Haec
1048 895 1153 933 mibi
1188 895 1278 933 visa
1322 898 1427 934 sunt
1471 899 1569 936 tuae
1601 898 1695 937 Rstss
1738 900 1948 940 Paternit.

336 951 590 1001 scribenda;
624 955 794 1006 reliqua
822 969 965 996 coram
998 959 1195 998 exactius
1225 960 1470 1011 meliusque
1499 974 1552 1001 ex
1590 963 1691 1002 dno.
1725 964 1951 1004 Ludouico

337 1016 516 1056 nouisse
561 1020 718 1068 poterit
760 1021 807 1060 T.
844 1022 909 1062 R..
943 1023 1049 1062 Vale
1093 1024 1138 1062 in
1182 1024 1327 1068 Cbro..
1363 1025 1407 1065 Ρ.
1442 1026 1562 1074 R‘iff,
1587 1039 1756 1078 nosque
1797 1041 1950 1070 omnes

336 1079 580 1121 incolumes
609 1086 674 1130 (vt
701 1088 906 1135 optamus
950 1088 1154 1130 maxime.)
1188 1089 1298 1128 habe
1342 1090 1432 1129 Deo
1474 1093 1947 1138 commendatissimos.

335 1156 464 1195 quem
494 1159 672 1188 oramus
692 1152 739 1188 vt
758 1152 799 1189 te
821 1155 966 1190 seruet
988 1152 1268 1193 incolumem.
1294 1154 1504 1194 Bilhiomi
1530 1157 1554 1195 3
1584 1156 1803 1207 Septemb.
1832 1160 1946 1200 1561.

335 1208 382 1248 T.
417 1210 467 1249 R.
502 1211 548 1251 P.
581 1212 756 1253 inutilis
786 1227 956 1256 seruus.

1327 1308 1533 1349 CAROLUS
1563 1309 1784 1352 SAGERIUS
1813 1313 1828 1336 ²
1863 1321 1893 1352 e.

440 1423 668 1464 Exciderat
700 1427 806 1466 mihi
838 1440 860 1466 e
890 1429 1101 1468 memoria.
1123 1430 1166 1468 id
1187 1443 1338 1473 vnum.
1375 1444 1462 1482 quo
1493 1445 1756 1485 magnopere
1787 1448 1948 1476 recrea-

333 1498 432 1526 mur
462 1488 506 1527 in
538 1490 674 1529 tantis
703 1491 910 1531 fluctibus
941 1495 1338 1543 perturbatiomim,
1373 1497 1575 1537 videlicet
1616 1500 1733 1550 quod
1769 1500 1946 1540 heretici

333 1551 462 1591 etiam
497 1565 583 1592 non
616 1556 744 1594 modo
775 1557 936 1605 verbis,
970 1559 1043 1597 sed
1083 1559 1259 1610 scriptis
1289 1561 1431 1603 libris.
1464 1562 1509 1601 in
1553 1575 1635 1602 nos
1679 1563 1949 1605 inuehantur

332 1628 546 1668 suamque
575 1623 792 1660 exacuant
822 1622 1088 1663 facundiam.
1113 1624 1306 1673 Quorum
1338 1627 1576 1667 calumniis
1598 1640 1684 1668 non
1710 1630 1837 1669 modo
1858 1642 1947 1670 non

330 1680 612 1731 deprimetur,
645 1686 721 1723 aut
745 1687 1054 1727 obscurabitur
1074 1688 1305 1729 Societatis
1340 1703 1515 1737 nomen,
1551 1693 1627 1732 sed
1656 1693 1786 1733 etiam
1818 1707 1948 1746 auge-

329 1746 420 1783 scet
448 1746 808 1799 splendescetque
840 1751 992 1801 magis.
1028 1752 1223 1803 Rogatus
1253 1754 1337 1792 fuit
1363 1755 1408 1794 P.
1442 1756 1599 1795 Rector
1619 1769 1643 1796 a
1664 1758 1844 1798 curione
1874 1759 1947 1798 isi-

330 1808 531 1849 dorensis
560 1811 771 1861 ciuitatis,
803 1826 887 1865 que
917 1818 1007 1855 tota
1036 1817 1275 1867 deprauata
1307 1819 1512 1859 hereticis
1546 1823 1609 1860 est
1640 1822 1943 1872 opinionibus,

329 1875 376 1912 vt
404 1874 594 1925 aliquem
628 1877 671 1915 in
705 1878 825 1917 illam
848 1881 997 1919 vrbem
1028 1893 1050 1920 e
1080 1883 1244 1921 nostris
1266 1884 1620 1925 concionatorem
1644 1887 1846 1936 mitteret,
1869 1889 1944 1939 qui

329 1938 450 1978 ciues
479 1952 504 1978 a
534 1942 655 1980 tanto
686 1946 833 1993 posset
861 1956 1005 1984 errore
1034 1947 1264 1993 abducere,
1299 1949 1438 1988 bonos
1466 1953 1609 1990 autem
1643 1952 1687 1990 in
1718 1952 1863 1992 officio
1885 1965 1946 1993 re—

328 2002 480 2044 tinere.
512 2005 762 2046 Clarmonte
804 2021 827 2047 a
874 2013 1122 2050 nostrorum
1167 2013 1355 2062 quodam
1401 2016 1629 2066 synodalis
1668 2017 1820 2057 habita
1863 2019 1946 2059 fuit

328 2069 484 2116 oratio,
518 2082 678 2121 magna
707 2085 805 2112 cum
836 2076 1078 2115 attentione
1109 2077 1303 2117 virorum.
1331 2080 1547 2119 nobilium
1582 2083 1623 2120 et
1652 2082 1942 2130 eruditorum,

329 2133 606 2186 maximeque
651 2137 795 2176 mirati
840 2142 943 2178 sunt
986 2143 1101 2191 quod
1150 2144 1420 2192 propositum
1465 2148 1721 2185 coronatum
1761 2159 1943 2187 aureum

330 2197 566 2249 vnicuique
595 2212 688 2240 eam
722 2202 916 2247 habenti,
941 2206 1163 2245 noluerint
1189 2219 1375 2258 vnquam
1409 2209 1603 2260 accipere
1634 2211 1788 2259 nostri,
1811 2212 1944 2252 idem-

327 2274 412 2313 que
442 2275 575 2315 prope
606 2266 800 2313 fecerint,
824 2280 921 2307 cum
949 2281 994 2308 se
1024 2270 1099 2308 alii
1122 2272 1300 2321 quidam
1323 2273 1377 2312 ad
1401 2274 1600 2324 publicas
1620 2275 1944 2326 disputationes

327 2327 479 2367 eodem
508 2331 814 2371 contulissent.

387 2501 405 2519 a,
425 2493 506 2526 Del.
533 2496 653 2528 multi.
678 2515 716 2519 —
742 2497 758 2523 b
778 2498 842 2529 alii
867 2507 991 2538 supra
1020 2509 1117 2530 vers.
1143 2520 1181 2522 —
1205 2511 1219 2528 c
1240 2511 1283 2533 ea
1306 2512 1431 2543 supra
1458 2514 1554 2536 vers.
1590 2524 1629 2527 —
1666 2505 1682 2532 d
1704 2506 1942 2547 Aliquantu-

324 2546 407 2577 lum
430 2547 554 2579 dubia
578 2549 700 2581 lectio.
725 2569 764 2572 —
788 2559 803 2577 e
828 2550 932 2590 Quae
956 2555 1178 2592 sequnntur
1201 2555 1342 2587 addita
1365 2559 1459 2588 sunt
1482 2558 1529 2589 ab
1555 2560 1712 2591 auctore
1747 2559 1789 2591 in
1813 2569 1939 2601 marg.

324 2598 527 2640 inferiore,
552 2603 587 2633 et
610 2602 787 2635 sinistro.

387 2755 396 2773 ¹
421 2754 630 2787 Ludovicus
653 2755 890 2789 Gerardinus.

385 2810 397 2826 2
420 2807 512 2847 Vide
535 2808 587 2840 Sis
609 2809 704 2842 Litt.
734 2810 951 2849 Quadrima..
976 2812 1018 2851 V,
1042 2813 1114 2845 365.
