2099 3516
332 254 400 289 492
801 255 1004 291 LITTERAE
1031 256 1376 299 QUADfflMESTREs

286 383 382 410 rum
426 372 623 411 nouitate
666 372 759 412 fieri
788 373 917 421 solet)
947 373 1149 411 nonnulli
1183 385 1234 410 ex
1266 371 1425 410 vicinis
1472 371 1693 422 religiosis
1727 373 1901 412 obstare

286 436 548 483 voluerunt;
594 437 784 487 primum
828 438 1075 488 praecibus,
1107 437 1265 475 deinde
1309 436 1440 474 etiam
1476 435 1575 475 lites
1624 436 1897 482 minitando;

286 512 403 539 nuuc
425 513 525 540 vero
547 513 635 540 non
657 502 801 541 solum
822 503 877 541 ab
904 502 1107 541 instituto
1133 501 1411 547 destiterunt,
1435 512 1585 540 verum
1608 500 1740 540 etiam
1761 513 1901 552 aequo

284 566 433 604 animo
482 566 619 605 nostri
667 578 712 606 se
759 567 968 605 viciniam
1020 568 1247 616 expectare
1300 565 1467 612 dicunt.
1517 565 1690 604 etiamsi
1726 565 1901 616 templis

287 630 449 680 templa
477 630 819 681 coniungantur,
852 631 970 681 quod
1000 631 1113 669 iden]
1146 630 1201 668 sit
1232 629 1333 668 finis
1363 629 1577 669 omnium.
1611 630 1686 669 Est
1715 630 1799 669 sita
1828 630 1902 669 do-

287 706 399 742 mus,
433 696 475 733 vt
505 695 611 743 dixi,
644 696 689 734 in
721 696 824 734 vrbe
855 696 997 734 media
1027 695 1149 734 iuxta
1188 694 1399 744 templum
1431 694 1671 733 maximum
1701 694 1902 733 ducentis

287 759 373 798 fere
415 759 636 809 passibuS,
667 760 743 810 qui
773 761 897 799 locus
926 762 992 799 est
1035 759 1170 798 totius
1202 758 1322 797 vrbis
1352 758 1766 808 frequentissimus3
1799 758 1903 798 emi-

285 825 357 862 tur
386 827 532 863 autem
562 824 736 874 praecio
765 824 963 875 quinque
994 824 1181 862 millium
1221 834 1469 862 aureorum.

392 888 517 927 Faxit
546 888 749 928 Christus
770 892 813 928 vt
844 890 1027 939 Vtraque
1057 888 1229 935 doinus,
1254 887 1428 926 interna
1457 887 1705 938 praecipue,
1729 889 1901 927 extrua-

286 954 357 990 tur
385 954 427 991 et
455 954 635 992 ornetur
677 965 767 992 non
809 953 1095 1003 putribilibus
1126 964 1233 991 auro
1263 954 1305 990 et
1335 954 1531 1002 argento,
1564 952 1640 991 sed
1670 952 1904 991 feruentis-

285 1016 397 1056 sima
426 1017 639 1057 charitate
668 1020 878 1068 perpetuo
908 1018 1133 1057 duratura.
1166 1016 1291 1066 Quod
1323 1019 1368 1055 vt
1398 1016 1526 1056 nobis
1556 1016 1732 1056 facilius
1761 1016 1904 1056 obtin-

285 1084 373 1132 gat,
396 1084 497 1121 tuae
528 1083 810 1122 Paternitatis
841 1083 1119 1122 orationihus
1148 1084 1190 1121 et
1219 1082 1448 1133 sacrificijs
1468 1082 1728 1132 suppliciter
1756 1082 1902 1122 iuuari

286 1146 522 1196 poscimus.
555 1170 605 1174 —
634 1147 775 1186 Toleti
819 1147 1024 1187 Calendis
1067 1146 1336 1197 Septembris
1379 1146 1486 1185 anni
1532 1147 1646 1186 1561.
1694 1146 1756 1186 Ex
1785 1158 1902 1186 com-

286 1210 496 1250 missione
526 1210 615 1251 RJH
646 1212 692 1251 P.
726 1212 937 1251 Rectoris.

396 1275 444 1315 T.
478 1276 529 1315 R.
563 1277 610 1316 P.
644 1276 984 1328 indignissimus
1014 1276 1133 1316 filius
1163 1278 1203 1315 et
1233 1287 1403 1315 seruus.

1524 1330 1553 1379 ψ

1287 1394 1480 1433 IOANNES
1510 1394 1736 1434 ROGELIUS
1767 1395 1795 1433 ¹.

1039 1638 1151 1687 570

671 1778 980 1828 PETRUS
1053 1779 1516 1829 HOLANDUS

730 1914 963 1940 viNDOBONA
993 1905 1006 1939 1
1038 1915 1285 1941 SEPTEMBRIS
1314 1905 1401 1941 1561
1427 1906 1452 1941 ‘-'.

284 2028 371 2063 1-2.
402 2024 634 2063 Sociorum
675 2036 907 2063 numerus.
939 2024 1168 2073 Religiosa
1210 2025 1466 2075 disciplina.
1497 2048 1549 2051 —
1593 2030 1634 2065 3.
1665 2025 1783 2065 Socii
1812 2027 1902 2066 alio

391 2090 535 2127 missi.
566 2110 617 2115 —
644 2092 688 2127 4.
717 2089 891 2127 Novicii
919 2089 1095 2127 ultimis
1124 2090 1348 2128 mensibus
1369 2091 1572 2129 admissi.
1596 2112 1646 2118 —
1675 2095 1769 2130 5-7.
1795 2091 1905 2131 Can-

392 2153 549 2192 didati.
580 2175 630 2179 —
660 2156 752 2191 8-9.
777 2152 1016 2202 Cataz09us
1055 2155 1298 2193 mittendus
1325 2156 1627 2204 promittitur.
1658 2157 1905 2205 Inferiores

391 2218 564 2257 scholae
593 2218 641 2257 ob
665 2219 833 2268 pestem
863 2219 1056 2257 clausae.
1088 2241 1137 2245 —
1165 2223 1305 2258 10-11.
1335 2220 1597 2270 Superiores
1626 2221 1799 2261 scholae
1828 2222 1905 2271 flo-

392 2284 503 2332 rent,
534 2295 716 2333 spesque
744 2283 809 2322 est
833 2284 952 2332 illas,
972 2284 1291 2323 adiuvantibus
1315 2285 1608 2335 principibus,
1625 2286 1904 2334 florentiores

285 2441 360 2480 (an.
386 2441 492 2480 1562).
518 2439 608 2473 Cum
631 2440 790 2481 primum
813 2440 931 2472 nostri
955 2449 1052 2472 anno
1076 2441 1167 2479 1558,
1193 2450 1317 2473 mense
1340 2441 1500 2481 Octobri,
1525 2441 1693 2474 Toletum
1717 2442 1901 2483 adierunt,

285 2502 349 2534 per
371 2493 512 2534 aliquot
536 2502 680 2525 menses
697 2492 878 2534 hospitati
902 2494 990 2525 sunt
1007 2494 1045 2524 in
1070 2493 1237 2525 aedificio
1260 2494 1357 2534 quod
1381 2495 1506 2535 pueris
1529 2495 1731 2527 educandis
1755 2496 1788 2536 («
1804 2495 1903 2528 Cole-

286 2546 346 2587 gio
369 2546 413 2578 de
436 2546 490 2578 los
514 2545 678 2577 Infantes
693 2546 727 2586 »)
751 2545 912 2586 archiep.
939 2545 1096 2577 Siliceus
1119 2547 1364 2579 exstruxerat.
1391 2547 1476 2579 Post
1499 2547 1538 2579 in
1562 2547 1668 2580 domo
1691 2548 1763 2580 Rui
1783 2547 1898 2590 Lopez

287 2599 331 2631 de
354 2591 501 2638 Avalos‚
526 2608 622 2640 quae
644 2599 779 2640 templo
802 2599 844 2631 D.
869 2599 1105 2640 Magdalenae
1129 2600 1305 2641 contigua
1328 2601 1418 2633 erat.
1450 2600 1517 2641 (Cf.
1543 2602 1579 2633 et
1601 2601 1787 2634 ASTRAIN:
1811 2601 1903 2634 His-

286 2652 444 2690 toria...‚
470 2651 514 2690 ΙΙ,
538 2651 660 2691 43-44).
687 2651 785 2690 Inde,
811 2660 908 2683 anno
933 2652 1023 2689 1560,
1048 2653 1090 2684 ut
1114 2652 1215 2684 locus
1239 2652 1390 2685 daretur
1416 2653 1565 2686 domino
1588 2654 1718 2686 Ioanni
1742 2654 1785 2686 de
1808 2654 1901 2686 Aus-

286 2705 369 2744 tria‚
395 2705 434 2736 in
457 2704 551 2736 alias
574 2704 683 2736 aedes
706 2704 864 2745 migrare
887 2704 1005 2736 coacti
1029 2706 1128 2743 sunt,
1154 2705 1217 2736 ubi
1252 2706 1355 2746 prius
1379 2706 1462 2747 piae
1495 2706 1652 2739 feminae
1686 2706 1903 2739 habitarent

286 2757 353 2798 (Cf.
378 2758 414 2789 et
436 2757 561 2798 Epist.
589 2756 633 2789 P.
658 2756 805 2796 Nadal,
831 2757 874 2794 ΙΙ,
898 2757 947 2791 69,
972 2757 1037 2796 87).
1076 2757 1174 2789 Haec
1197 2758 1327 2790 domus
1351 2758 1543 2791 dicebatur
1574 2759 1699 2792 Sancti
1724 2759 1898 2801 Spiritus,

286 2811 322 2841 et
344 2810 418 2841 sita
440 2810 519 2842 erat
544 2823 559 2838 «
583 2810 617 2842 al
639 2810 747 2841 torno
770 2809 814 2841 de
837 2809 892 2841 las
915 2809 1084 2841 Carretas
1108 2823 1137 2849 »,
1162 2819 1273 2851 quam
1303 2812 1431 2852 postea
1454 2812 1632 2845 moniales
1656 2813 1697 2845 D.
1722 2812 1901 2845 Bernardi

286 2863 533 2895 incoluerunt.

348 2917 358 2934 1
382 2915 433 2948 Cf.
458 2915 553 2948 Litt.
582 2915 800 2955 Quadrim„
825 2914 884 2953 VI,
909 2915 980 2948 0236.

349 2971 360 2987 2
383 2968 434 3000 Ex
457 2968 590 3009 origin.
616 2968 655 3000 in
688 2968 765 3000 cod.
794 2966 910 2999 Germ
932 2967 1016 3004 139,
1051 2968 1086 3000 ff.
1111 2969 1226 3007 90-94;
1252 2970 1355 3010 prius
1388 2971 1496 3004 64-68.
1532 2971 1756 3004 Particulam
1785 2971 1902 3005 edidit

286 3020 579 3053 BRAUNSBERGER
602 3021 641 3053 in
663 3020 707 3052 B.
731 3020 775 3053 P.
805 3019 962 3052 Canisii
984 3020 1120 3062 Epist„
1146 3021 1207 3058 III,
1234 3023 1381 3055 759-761.
