2099 3516
547 258 628 294 518.
656 279 700 284 —-
726 257 968 294 VINDOBONA
997 258 1013 293 1
1042 258 1142 294 MA11
1170 258 1254 294 1561
1599 259 1669 294 0283

88 377 350 429 frequentia.
382 377 508 417 Vnus
537 379 788 417 nostrorum
820 378 952 417 verba
982 377 1084 417 fecit
1113 389 1164 417 eo
1193 377 1264 417 die
1293 377 1346 416 de
1375 377 1511 416 huius
1540 379 1717 416 nostrae

88 442 320 483 Societatis
349 442 544 490 nomine,
575 443 776 489 authore,
808 442 895 481 fine
925 444 1057 493 atque
1088 442 1273 482 ratione.

168 507 206 546 7.
238 506 365 556 Quod
393 507 449 546 ad
479 509 658 546 auctum
688 514 707 533 ³
740 508 993 546 nostrorum
1025 519 1261 546 numerum
1290 506 1494 557 pertinet,
1528 507 1576 546 13
1606 506 1718 557 opti-

88 583 185 611 mae
231 571 325 622 spei
355 571 658 611 adolescentes
686 583 733 611 se
762 572 846 611 hoc
874 571 1188 623 quadrimestri
1236 571 1367 611 nobis
1400 571 1715 610 adiunxerunt.

88 636 252 676 Omnes
281 636 368 675 iam
399 636 446 676 in
475 648 525 676 ea
555 637 701 685 domo,
732 648 846 688 quae
876 648 978 687 pars
1006 638 1072 676 est
1092 636 1265 687 collegij
1301 637 1459 687 (neque
1479 635 1597 675 enim
1619 636 1719 675 hac-

86 702 217 740 tenus
246 701 335 740 alia
364 701 518 741 haberi
548 702 679 752 plane
708 713 734 741 a
762 701 894 741 nobis
923 701 1124 740 seiuncta
1154 701 1332 752 potuit),
1364 701 1448 740 sub
1483 699 1717 740 Societatis

89 766 190 805 Iesu
233 765 439 806 tirocinio
481 766 656 806 viuunt.
689 767 852 806 Eorum
896 767 1144 817 praefectus
1186 768 1252 806 est
1299 766 1354 805 M.
1401 765 1643 816 Gregorius
1687 767 1716 812 1,

87 831 172 870 sub
201 842 289 882 quo
320 830 406 881 pijs
435 831 634 882 quotidie
664 831 1044 879 meditationibus,
1091 831 1329 882 pingendis
1359 831 1516 879 literis,
1557 832 1598 870 et
1629 829 1718 870 dis-

87 895 227 935 cendo
256 896 539 944 catechismo,
571 896 690 936 tonis
719 897 824 936 item
853 899 896 936 et
923 896 1085 936 officiis
1116 896 1379 943 humilibus,
1428 895 1720 935 concionibus

88 962 221 1011 atque
250 960 352 1000 aliis
381 961 426 1000 id
455 972 596 1012 genus
625 961 1018 1001 exercitationibus
1061 961 1261 1001 sedulam
1310 972 1487 1011 operam
1534 961 1718 1000 nauant.

88 1025 259 1065 Horum
301 1025 503 1066 omnium
549 1026 993 1066 exercitamentorum
1036 1027 1091 1066 M.
1143 1025 1376 1066 Cornelius
1437 1027 1452 1049 ²
1502 1025 1719 1064 rationem

88 1090 234 1141 habet,
266 1102 322 1130 ne
351 1103 503 1131 eorum
534 1092 781 1142 praefectus
811 1104 944 1143 supra
976 1092 1092 1131 vires
1121 1093 1342 1131 oneretur.
1380 1090 1562 1142 Ingenuj
1615 1092 1721 1129 sunt

87 1167 257 1203 omnes,
289 1158 435 1207 atque,
467 1158 516 1196 ut
545 1159 741 1208 apparet,
774 1157 1007 1197 Societatis
1036 1157 1243 1196 instituto
1272 1155 1509 1207 aptissimi,
1532 1155 1720 1206 quinon

89 1220 145 1259 ad
174 1222 308 1260 verba
328 1224 518 1269 tantum,
550 1222 626 1261 sed
656 1222 711 1261 ad
743 1224 901 1261 nutum
944 1222 1077 1262 etiam
1122 1234 1212 1261 non
1255 1233 1354 1261 raro
1397 1221 1717 1271 obtemperant.

89 1285 260 1326 Census
302 1287 439 1338 annuj
485 1287 539 1327 ad
583 1299 735 1327 eorum
766 1287 1135 1327 sustentationem
1180 1298 1233 1326 ex
1262 1288 1386 1337 parte
1415 1285 1551 1336 empti
1590 1286 1717 1331 sunt,

89 1351 166 1391 sed
196 1353 395 1392 nostrum
428 1354 575 1392 tamen
605 1352 841 1403 collegium
871 1352 1023 1392 omnia
1053 1352 1144 1392 illis
1174 1351 1422 1391 necessaria
1459 1350 1589 1390 modo
1618 1350 1721 1389 sub·

90 1416 328 1465 ministrat,
361 1417 500 1457 donec
528 1429 703 1465 census,
727 1417 818 1457 Deo
848 1418 973 1465 duce,
997 1418 1147 1468 plures
1176 1419 1394 1456 emantur.
1420 1417 1573 1467 Itaque
1594 1414 1722 1454 rudia

90 1481 245 1521 saltem
278 1482 393 1522 iacta
421 1485 526 1523 sunt
555 1483 715 1522 domus
744 1483 1019 1522 nouitiorum
1042 1483 1346 1529 fundamenta,
1370 1493 1483 1532 quae
1514 1491 1720 1531 magnam

90 1558 197 1587 sane
226 1547 503 1599 colligendae
531 1548 690 1588 messis
719 1560 842 1599 spem
873 1548 1003 1587 nobis
1033 1548 1254 1588 adferunt.
1301 1546 1507 1597 Quinque
1536 1548 1614 1585 aut
1646 1557 1723 1584 sex

90 1612 285 1663 optimae
316 1613 481 1653 indolis
511 1613 712 1661 iuuenes,
748 1615 791 1652 vt
820 1613 1046 1664 prioribus
1084 1614 1396 1664 aggregentur,
1442 1611 1724 1651 vehementer

90 1678 304 1729 aspirant.
338 1678 512 1718 Fratres
541 1679 682 1718 nostri
713 1679 759 1718 in
789 1679 904 1718 hanc
933 1690 1084 1718 curam
1115 1678 1320 1730 gnauiter
1349 1677 1630 1723 incumbunt,
1676 1678 1723 1715 vt

91 1743 256 1783 multos
285 1755 310 1782 a
340 1744 530 1794 peccatis
559 1744 615 1783 ad
645 1744 852 1795 pietatem
883 1746 1106 1791 reuocent,
1138 1745 1181 1783 et
1209 1755 1232 1783 e
1262 1743 1418 1783 mundi
1463 1742 1620 1793 pelago
1667 1741 1721 1780 ad

91 1808 323 1860 religionis
351 1811 527 1860 portum
558 1809 876 1849 transmittant.

170 1874 209 1914 8.
244 1874 336 1913 Iam
380 1886 498 1922 vero,
530 1877 577 1914 vt
605 1875 659 1914 de
706 1874 894 1926 collegio
938 1874 1030 1921 illo,
1076 1874 1195 1926 quod
1239 1885 1407 1913 nouum
1453 1883 1662 1911 vocamus
1692 1873 1721 1917 ³,

92 1951 234 1990 pauca
276 1940 496 1984 dicantur.
528 1939 860 1991 duodetriginta
890 1940 937 1979 in
967 1939 1227 1979 vniuersum
1270 1938 1384 1978 illud
1414 1937 1628 1977 foeliciter
1658 1936 1723 1975 in-

92 2005 259 2053 colunt,
279 2006 394 2045 inter
413 2017 526 2057 quos
547 2005 675 2045 multi
697 2004 980 2044 eleemosinis
1009 2006 1263 2044 nostrorum
1285 2003 1506 2042 industria
1528 2001 1725 2041 collectis

92 2072 423 2118 sustentantur;
455 2070 530 2121 alij
565 2082 667 2110 vero
697 2070 877 2121 propria
906 2070 1068 2109 viuunt
1097 2069 1291 2121 quadra;
1316 2069 1369 2108 de
1399 2067 1564 2119 quibus
1585 2066 1726 2106 omni-

92 2136 178 2175 bus
206 2148 297 2176 non
326 2148 567 2188 possumus
587 2148 677 2176 non
707 2136 872 2187 optime
893 2147 1083 2186 sperare.
1115 2134 1246 2175 Ciues
1267 2136 1309 2174 et
1338 2134 1422 2173 viri
1454 2132 1724 2172 nobilissimi

93 2212 200 2240 suos
220 2201 337 2241 filios
357 2201 449 2241 illis
470 2202 711 2252 adiungere
740 2201 893 2241 crebro
923 2200 1213 2247 contendunt,
1237 2211 1388 2239 verum
1411 2198 1495 2238 loci
1516 2197 1725 2248 angustia

92 2277 147 2305 ne
177 2278 420 2317 augeamus
450 2278 685 2306 numerum
716 2266 915 2317 impedit.
950 2265 1069 2305 Idem
1115 2265 1168 2304 de
1197 2263 1533 2304 conuictoribus
1581 2262 1725 2301 dicere

94 2343 349 2382 possumus,
380 2344 480 2372 cum
510 2334 553 2371 et
594 2331 705 2383 ipsis
748 2330 982 2382 angustior
1024 2330 1082 2370 sit
1111 2330 1286 2377 domus,
1318 2341 1452 2381 quam
1491 2330 1540 2368 ut
1568 2327 1726 2367 admit-

93 2398 241 2437 tamus
270 2409 520 2449 germanos,
567 2397 769 2448 polonos,
801 2396 1031 2447 hungaros
1073 2397 1115 2435 et
1144 2395 1319 2435 nobiles
1348 2397 1389 2434 et
1429 2394 1627 2434 illustres
1656 2404 1727 2444 ge-

156 2571 175 2590 a
206 2564 412 2605 austumoe)
435 2563 481 2596 A.

158 2733 165 2750 ¹
202 2731 244 2763 In
277 2731 386 2764 catal.
423 2731 569 2773 collegii
603 2731 820 2764 viennensis
854 2730 994 2763 mensis
1028 2729 1192 2762 ianuarii
1228 2729 1306 2761 1561
1342 2728 1444 2769 (Cod.
1488 2726 1616 2759 Germ.
1642 2725 1725 2761 131,

95 2784 119 2816 f.
142 2785 219 2826 250)
243 2784 312 2816 sub
336 2794 489 2817 numero
511 2785 552 2817 26
574 2785 787 2817 recensetur
812 2797 828 2813 «
850 2784 896 2817 M.
922 2783 1122 2825 Gregorius
1155 2782 1363 2824 praefectus
1390 2781 1521 2813 domus
1544 2779 1730 2821 probatio·

96 2838 169 2878 nis,
194 2838 309 2871 lector
330 2838 483 2880 linguae
506 2838 747 2872 Germanicae
780 2838 892 2877 domi,
917 2837 1158 2870 concionator
1189 2836 1376 2877 frequens,
1407 2835 1486 2866 sive
1520 2834 1560 2866 in
1592 2833 1729 2874 templo

96 2891 224 2924 nostro
258 2892 376 2932 modo,
401 2892 555 2924 ahsente
578 2892 619 2925 D.
645 2891 850 2931 Lamberto,
876 2891 958 2923 siue
981 2890 1069 2923 alibi
1095 2903 1125 2923 ».
1150 2890 1202 2922 Ex
1226 2889 1312 2922 aliis
1345 2889 1436 2921 locis
1469 2887 1616 2920 constat
1649 2895 1731 2919 esse

96 2943 135 2977 P.
160 2944 378 2986 Gregorium
400 2945 631 2977 Rosseffium.

160 3000 172 3018 ²
194 2998 232 3031 P.
257 2998 451 3031 Cornelius
475 2998 707 3040 Brogelman.

161 3052 174 3070 ³
195 3051 289 3084 Vide
312 3051 407 3084 Litt.
436 3050 643 3091 Quadrim.
666 3051 727 3090 VI,
751 3051 804 3090 90,
830 3051 900 3083 176.
