2099 3516
420 245 491 281 480
883 246 1097 301 ‘ermRAn
1131 247 1476 292 QnAnnmnsa-mzs

371 364 540 403 seruito
560 376 643 404 con
672 364 715 404 la
742 376 824 405 sua
851 365 1162 416 copiosissima
1190 364 1332 415 gratia
1360 364 1575 416 disporgli
1605 377 1629 404 a
1658 365 1852 406 riceuere
1872 378 1990 418 mag·

374 427 495 479 giore
538 429 655 468 lume
683 431 726 468 et
755 429 831 480 piu
873 429 1025 469 chiara
1053 429 1305 480 cognitione
1332 428 1656 469 dell'instituto
1683 429 1730 469 di
1759 430 1920 481 quella.
1954 429 1990 470 Il

372 492 453 532 che
495 493 753 544 preghiamo
782 494 833 534 V.
866 494 913 535 P.
944 494 996 534 R.
1030 494 1179 544 uoglia
1221 493 1455 543 impetrare
1483 505 1509 532 a
1537 494 1632 533 loro
1673 494 1730 534 da
1759 495 1804 534 la
1835 495 1991 535 diuina

373 555 523 605 bonta,
554 560 596 597 et
632 570 659 597 a
701 559 775 598 noi
804 558 849 598 di
878 570 1049 609 sempre
1075 569 1220 597 essere
1250 569 1311 597 un
1340 557 1448 597 uiuo
1477 558 1695 609 essempio
1724 559 1769 598 di
1799 559 1920 599 uirtsa
1947 561 1991 599 et

374 620 468 661 uita
509 622 720 662 cristiana
761 623 838 662 alli
877 622 1100 674 prossimi,
1131 622 1422 662 desiderando
1449 624 1492 661 et
1520 623 1797 673 procurando
1825 623 1869 663 la
1896 623 1991 663 loro

374 685 517 725 salute
559 698 636 738 per
676 687 888 727 l’honore
915 689 958 727 et
987 687 1128 738 gloria
1156 686 1201 726 di
1231 686 1327 726 Dio.
1360 686 1413 725 Di
1443 686 1555 726 Nola
1584 686 1615 726 il
1645 686 1787 738 primo
1816 687 1861 727 di
1898 687 1991 728 Set—

374 749 540 790 tembre
570 751 765 792 MDLXI.

482 815 564 854 Per
590 816 903 856 commissione
931 816 1001 856 del
1031 816 1082 855 R.
1116 816 1163 854 P.
1197 815 1373 854 Rettore
1401 817 1553 855 nostro
1582 817 1611 855 1.

481 879 534 918 Di
565 879 615 920 V.
649 880 695 921 P.
727 881 776 921 R.
807 880 1128 932 indegnissimo
1158 891 1288 919 seruo
1317 879 1362 918 in
1394 878 1584 920 Christo.

1403 984 1621 1026 THOMAso
1651 986 1826 1026 RAGGIO
1854 987 1884 1026 ².

1130 1232 1240 1281 567

713 1372 1029 1422 ERASMUS
1084 1371 1419 1422 VOLKERO
1472 1372 1661 1422 SAXO

826 1508 1021 1534 PANORMO
1050 1498 1067 1533 1
1096 1508 1343 1534 SEPTEMBRIS
1371 1498 1459 1534 1561
1486 1498 1510 1534 3.

377 1620 414 1655 1.
446 1616 678 1656 Sociorum
719 1629 951 1656 numerus.
998 1617 1155 1656 Omnes
1184 1630 1264 1656 suo
1294 1630 1478 1656 manere
1506 1617 1744 1667 diligenter
1772 1618 1904 1667 fimyi
1931 1630 1996 1656 co-

483 1683 670 1721 nantur.
700 1683 841 1721 Fiant
861 1695 1012 1733 preces
1032 1684 1071 1721 et
1091 1684 1289 1732 corporis
1318 1683 1640 1721 macerationes
1663 1695 1748 1732 pro
1777 1683 1996 1722 Ecclesiae

483 1747 523 1785 et
547 1747 725 1797 patriae
754 1747 876 1786 bono.
899 1769 950 1774 -
971 1751 1012 1786 2.
1042 1748 1330 1786 Novicioram
1350 1747 1568 1786 sedulitas
1589 1749 1637 1786 ivi
1658 1748 1871 1797 religiosa
1895 1760 1994 1797 per-

483 1812 667 1861 fectione
697 1813 982 1862 acquirenda.
1007 1834 1050 1838 —-
1078 1817 1118 1850 3.
1144 1812 1377 1851 Contiones
1397 1812 1436 1850 et
1457 1812 1707 1850 catecheses.
1731 1834 1781 1838 —
1800 1815 1844 1850 4.
1860 1811 1996 1851 Fruc-

486 1877 558 1915 tus
577 1890 629 1915 esc
646 1878 941 1916 sacramentis
964 1878 1154 1926 aliisque
1175 1878 1444 1916 ministeriis
1457 1878 1704 1927 perceptus.
1725 1876 1997 1927 Spiritaalia

484 1943 695 1982 exercitia
725 1955 751 1981 a
781 1942 982 1989 diversis,
1014 1955 1113 1980 cam
1143 1944 1267 1989 viris,
1300 1943 1394 1980 tum
1423 1943 1604 1991 feminis
1642 1942 1871 1992 singulari
1893 1954 1996 1991 pro—

484 2008 598 2057 fecta
622 2008 818 2057 peracta.
843 2029 892 2033 -—
918 2011 959 2045 5.
989 2007 1077 2045 Pia
1105 2007 1324 2045 sodalitas
1354 2019 1380 2045 a
1409 2007 1541 2045 sociis
1570 2007 1781 2045 instituta
1809 2019 1996 2045 numero

484 2074 523 2111 et
552 2074 743 2122 spiritus
772 2073 944 2121 fervore
973 2072 1140 2111 crescit.
1174 2094 1221 2098 -—
1253 2076 1293 2110 6.
1324 2073 1479 2111 Pauca
1508 2072 1558 2110 de
1588 2072 1768 2121 collegio
1810 2072 1997 2110 Montis-

485 2138 667 2187 regalis.

461 2261 496 2299 1.
528 2261 557 2310 †
587 2260 677 2298 Pax
707 2259 885 2299 Christi.
919 2259 1167 2310 [Promittit
1197 2273 1241 2298 se
1272 2261 1459 2299 breviter
1478 2261 1518 2299 et
1538 2261 1656 2299 clare
1685 2257 1994 2310 scripturam]

381 2325 430 2365 Ci
459 2325 727 2364 retrouiamo
757 2325 803 2363 in
833 2326 989 2375 questo
1018 2324 1204 2374 collegio
1234 2324 1299 2371 55,
1331 2324 1363 2363 li
1394 2324 1517 2374 quali
1546 2335 1629 2363 con
1658 2324 1698 2363 le
1727 2323 1897 2363 rendite
1926 2323 1996 2362 del

380 2390 570 2441 preditto
599 2389 786 2440 collegio
816 2389 1009 2428 uiuemo.
1038 2389 1120 2427 Fra
1140 2389 1171 2427 li
1193 2389 1315 2439 quali
1344 2400 1406 2428 un
1436 2389 1661 2428 sacerdote
1687 2399 1770 2427 con
1798 2390 1864 2427 tre
1894 2386 1996 2427 laici

381 2456 448 2495 sta
477 2454 549 2493 nel
579 2456 730 2493 nostro
760 2454 882 2505 fego3
914 2453 945 2492 li
976 2453 1076 2492 altri
1106 2453 1153 2491 51
1186 2455 1261 2504 qui
1292 2453 1339 2492 in
1370 2453 1585 2502 Palermo,
1616 2455 1739 2504 parte
1767 2453 1840 2492 nel
1868 2452 1998 2492 colle-

381 2520 469 2571 gio,
492 2521 614 2570 parte
634 2518 682 2558 in
702 2530 803 2558 casa
823 2518 929 2557 delli
949 2518 1126 2569 nouitij‚
1154 2518 1267 2569 parti
1298 2519 1492 2558 anchora
1520 2518 1639 2557 nella
1667 2519 1819 2557 nostra
1848 2517 1994 2565 uinea,

381 2585 424 2624 la
453 2583 576 2635 quali
606 2583 638 2623 li
669 2583 778 2623 mesi
807 2583 975 2634 passati
1006 2594 1318 2633 compramlno.
1358 2583 1495 2632 Tutti,
1536 2595 1613 2634 per
1650 2582 1792 2634 gratia
1825 2582 1895 2621 del
1932 2581 1998 2621 Si-

382 2660 531 2700 gnore,
563 2650 724 2688 stanno
754 2649 879 2696 bene,
911 2647 1079 2686 henche
1118 2647 1265 2687 alcuni
1305 2659 1381 2699 per
1414 2648 1559 2698 questi
1592 2647 1707 2687 caldi
1736 2647 1863 2687 siano
1893 2645 1996 2686 stati

444 2808 455 2826 ¹
480 2807 637 2839 Ioannes
663 2806 846 2847 Montoya.

443 2862 455 2879 2
478 2859 570 2892 Vide
592 2859 687 2892 Litt.
717 2858 922 2898 Quadrim.
947 2857 1006 2897 VI,
1031 2858 1102 2890 619.

443 2914 456 2932 ³
478 2912 531 2944 Ex
563 2911 738 2953 originali
762 2911 830 2953 (A)
854 2911 893 2943 in
927 2911 1004 2943 cod.
1029 2910 1096 2942 Sic
1118 2910 1201 2947 181,
1236 2910 1271 2943 ff.
1296 2911 1453 2951 246-247;
1489 2911 1593 2952 prius
1619 2911 1725 2943 38-39.
1750 2909 1998 2951 Subsequitur

382 2965 484 2998 aliud
507 2965 714 3006 exemplum
736 2964 802 3006 (B)
825 2964 865 2996 in
887 2963 923 2996 ff.
947 2963 1094 2996 248-249.
1119 2963 1175 2995 Ab
1198 2964 1348 2996 auctore
1370 2964 1519 2997 italicae
1540 2964 1691 3005 linguae
1713 2971 1843 3005 parum
1877 2962 1998 3004 perito

383 3018 522 3059 scripta
544 3017 706 3059 epistula
728 3016 957 3049 soloecismis
981 3016 1109 3048 scatet.
