2099 3516
396 274 465 309 <568
867 273 1070 309 LITTERAE
1099 273 1443 318 QUADmMEs'rREs

349 394 391 431 et
420 391 655 431 reducendi
699 391 754 430 ad
788 390 1029 442 graemium
1075 390 1293 430 Ecclesiae
1335 390 1605 438 catholicae;
1637 391 1756 442 quod
1786 391 1968 431 uideant

349 468 455 496 suos
484 456 600 495 filios
630 456 820 507 publicis
862 455 1112 494 actionibus
1154 457 1243 494 tam
1287 455 1508 505 praeclare
1546 455 1707 495 instrui
1737 468 1969 507 moresque

350 521 403 560 ad
434 521 542 559 haec
570 520 740 559 edoceri
771 519 1128 566 honestissimos,
1160 531 1249 558 non
1279 519 1453 569 possint
1476 531 1565 558 non
1594 531 1696 570 erga
1726 532 1808 559 nos
1836 520 1964 568 affici,

349 587 389 624 et
421 585 529 623 bene
571 584 701 623 nobis
743 584 925 634 precari,
957 586 999 622 et
1041 583 1205 622 nostris
1248 583 1422 623 tandem
1467 584 1668 635 consilijS
1701 596 1751 623 ac
1785 585 1968 625 monitis

348 660 478 688 aures
506 648 788 699 benigniores
818 649 1025 698 praebere
1054 649 1096 687 et
1125 648 1415 698 acquiescere.

427 715 465 754 ’3.
496 713 622 763 Quod
651 714 705 753 ad
736 714 904 752 fructus
933 714 1115 763 spectat,
1146 724 1259 763 quos
1291 713 1409 763 apud
1443 715 1615 752 exteros
1658 714 1798 753 nostri
1828 714 1970 764 profe-

350 780 467 825 runt,
499 780 602 817 sunt
632 777 697 816 illi
727 789 817 816 non
847 777 975 827 pauci
1006 788 1086 816 nec
1114 778 1439 818 contemnendi.
1472 778 1589 816 More
1618 778 1765 826 solito,
1796 778 1967 818 concio-

350 854 428 882 nes
457 843 502 881 in
533 842 695 892 templo
729 844 895 885 nostro,
927 853 1066 892 eoque
1101 842 1393 892 amplissimo,
1425 842 1765 890 continuantur;
1798 842 1971 882 audito-

349 907 463 946 rium
507 909 573 946 est
615 906 820 957 frequens
863 906 1117 953 admodum,
1148 906 1435 946 concionator
1476 907 1612 946 uerbo
1654 909 1696 946 et
1725 907 1831 947 uiua
1859 919 1968 948 uoce

350 971 588 1022 plurimum
620 971 751 1010 ualet.
785 971 868 1010 Per
909 971 1028 1010 hunc
1070 971 1248 1009 Domini
1292 971 1535 1011 aduentum
1572 972 1770 1022 quotidie
1799 972 1971 1022 praedi-

349 1036 537 1075 candum
569 1035 666 1080 fuit,
694 1046 773 1074 nec
802 1035 1077 1085 spernendus
1106 1037 1408 1086 consequutus
1428 1038 1493 1075 est
1514 1036 1705 1083 fructus;
1737 1037 1968 1077 accedente

350 1100 606 1151 praesertim
646 1099 826 1149 iubileo,
858 1100 977 1150 quod
1019 1112 1222 1139 summus
1253 1099 1322 1140 Χ.ί
1348 1100 1557 1148 vicarius,
1590 1113 1668 1152 pro
1697 1113 1776 1141 sua
1808 1102 1968 1152 pietate

349 1165 395 1204 in
426 1164 558 1203 foelix
591 1164 764 1214 concilij
798 1164 1027 1203 tridentini
1070 1165 1319 1215 auspicium
1364 1165 1581 1215 publicari
1625 1165 1821 1216 proxime
1850 1166 1964 1206 fecit.

350 1229 442 1268 Hac
462 1229 680 1279 siquidem
702 1229 932 1268 occasione
952 1229 1038 1268 dici
1060 1229 1136 1268 uix
1157 1231 1289 1280 queat
1309 1231 1503 1280 quantus
1520 1230 1711 1280 populus
1727 1232 1767 1269 et
1784 1232 1966 1280 quanta,

348 1296 519 1343 praeter
547 1293 743 1339 solitum,
774 1293 1024 1341 deuotione,
1057 1294 1174 1344 apud
1205 1306 1285 1333 nos
1315 1294 1544 1334 confessus
1574 1294 1646 1343 sit,
1674 1297 1714 1334 et
1744 1295 1968 1334 sanctissi-

350 1370 445 1396 mae
486 1357 779 1397 eucharistiae
822 1358 977 1397 uiuum
1022 1370 1176 1408 panem
1223 1359 1476 1409 sumpserit.
1514 1359 1730 1399 quentus
1772 1360 1967 1410 copiosa,

349 1424 525 1461 nostrae
554 1422 693 1473 aliqui
722 1422 985 1472 disciplinae
1014 1435 1102 1462 non
1134 1423 1346 1469 subiecta,
1379 1435 1565 1474 magnae
1599 1423 1795 1463 ciuitatis
1829 1424 1967 1463 admi-

350 1486 534 1534 ratione,
562 1487 680 1537 quod
711 1486 863 1526 multis
893 1487 979 1526 iam
1002 1489 1117 1526 retro
1139 1488 1270 1527 annis
1299 1488 1444 1527 simile
1466 1488 1610 1527 uisum
1634 1488 1707 1528 hic
1726 1500 1817 1528 non
1837 1491 1967 1537 esset,

349 1551 545 1591 thesauri
588 1551 699 1590 tanti
742 1551 1000 1602 participem
1030 1564 1076 1591 se
1119 1553 1322 1592 reddidit.
1355 1553 1547 1592 Eandem
1578 1553 1731 1604 populi
1762 1554 1967 1604 pietatem

349 1616 515 1666 experti
536 1628 691 1655 sumus
720 1616 803 1655 hoc
832 1615 900 1656 X}
928 1617 1177 1656 natiuitatis
1198 1617 1331 1665 festo;
1364 1620 1406 1657 et
1426 1620 1473 1657 ut
1494 1630 1547 1657 ex
1567 1618 1721 1658 multis
1751 1619 1967 1668 quaedam

349 1683 504 1720 notatu
533 1681 667 1731 digna
698 1681 931 1731 proferam,
964 1694 1124 1732 magna
1166 1694 1272 1722 sane
1315 1683 1565 1723 animorum
1602 1686 1852 1723 nostrorum
1882 1684 1968 1724 lae-

349 1745 447 1784 titia
482 1745 802 1795 perfundimur,
834 1758 933 1785 cum
978 1747 1195 1795 uidemus,
1228 1750 1399 1797 praeter
1428 1760 1566 1798 spem,
1598 1748 1967 1799 quamplurimos,

350 1822 461 1860 quos
491 1810 645 1849 diuina
675 1810 850 1849 bonitas
893 1810 977 1849 sibi
1023 1812 1192 1850 occulte
1236 1814 1384 1863 gratos
1428 1815 1637 1859 reseruat‚
1669 1812 1724 1852 ad
1765 1815 1968 1853 nostrum

349 1874 582 1925 collegium
614 1876 825 1925 tanquam
855 1875 910 1914 ad
939 1887 1172 1915 commune
1201 1879 1482 1916 oneratorum
1512 1877 1684 1928 azylum
1715 1878 1967 1928 confugere,

350 1940 398 1978 ut
428 1939 605 1989 publica
633 1939 720 1977 iam
750 1939 867 1978 fama
897 1940 1056 1979 habeat
1085 1940 1274 1980 afflictas
1314 1944 1495 1989 mentes,
1527 1942 1565 1981 si
1596 1953 1783 1993 usquam
1827 1943 1968 1982 consi-

350 2003 423 2053 lijs
453 2003 599 2042 iuuari
642 2003 828 2054 possint,
860 2005 977 2054 apud
1022 2005 1222 2045 IESVITAs
1255 2006 1333 2052 (sic
1375 2006 1493 2045 enim
1536 2018 1618 2046 nos
1656 2007 1831 2058 uocant)
1863 2019 1971 2046 uera

349 2067 517 2107 auxilia
546 2068 822 2115 inuenturas,
845 2068 915 2107 sin
946 2069 1095 2108 minus
1125 2070 1177 2109 de
1207 2071 1349 2109 salute
1380 2071 1446 2110 ue]
1481 2072 1700 2122 praesidio
1730 2072 1967 2112 adferendo

349 2134 494 2171 actum
525 2144 634 2171 esse.
667 2132 805 2181 Quam
837 2133 893 2171 ob
922 2145 1116 2180 causam,v
1150 2135 1277 2174 multi
1303 2136 1598 2175 conscientiae
1628 2136 1824 2176 stimulis
1853 2148 1968 2176 com-

351 2196 517 2247 puncti,
537 2197 654 2247 apud
676 2199 851 2236 nostros
881 2201 1099 2248 quaerunt
1129 2199 1329 2238 antidota
1354 2200 1644 2240 liberationis.
1678 2201 1740 2240 Ex
1760 2201 1969 2240 confiten-

349 2261 470 2300 tibus
499 2261 638 2311 aliqui
659 2262 714 2300 ab
735 2261 966 2301 haeresum
990 2263 1196 2309 tenebris,
1220 2264 1383 2314 quibus
1405 2265 1544 2304 multo
1565 2267 1759 2316 tempore
1787 2266 1966 2306 obducti

351 2326 397 2364 in
426 2326 632 2365 sordibus
663 2328 938 2376 peccatorum
969 2326 1212 2374 iacuerunt,
1237 2329 1290 2367 ad
1322 2329 1468 2368 lumen
1494 2329 1695 2369 ueritatis
1724 2330 1968 2370 catholicae

350 2393 634 2430 emerserunt.
667 2391 786 2430 Inter
814 2403 925 2442 quos
955 2392 1135 2442 quidam
1167 2405 1352 2444 magnae
1382 2395 1576 2434 familiae
1605 2395 1876 2443 adolescens,
1899 2408 1968 2436 co-

349 2455 472 2506 gnita
502 2467 577 2505 per
607 2458 858 2495 nostrorum
880 2456 1105 2496 assiduam
1127 2459 1549 2499 cathechizationem
1570 2472 1701 2499 uerae
1731 2460 1831 2499 fidei
1853 2461 1964 2509 luce,

349 2520 548 2559 omnium
577 2532 773 2559 errorum
803 2520 997 2560 uinculis
1025 2523 1237 2567 excussis,
1270 2524 1462 2563 maxima
1482 2526 1577 2563 tum
1606 2525 1964 2574 domesticorum,

350 2586 443 2624 tum
473 2587 721 2624 exterorum
747 2585 1051 2625 aedificatione
1081 2588 1123 2625 et
1151 2587 1457 2636 admiratione,
1481 2601 1533 2628 ex
1562 2589 1712 2629 animo
1741 2589 1796 2629 ad
1825 2590 1968 2630 Eccle-

350 2649 441 2687 siae
471 2649 743 2688 tutissimum
773 2651 947 2699 portum
977 2650 1201 2701 confugit3
1235 2652 1497 2702 generaliter
1540 2655 1716 2704 peccata
1750 2665 1831 2693 sua
1863 2665 1965 2693 con-

350 2713 493 2752 fessus
522 2715 601 2761 est,
633 2713 865 2763 pristinam
896 2714 1034 2753 uitam
1055 2715 1101 2753 in
1123 2716 1281 2755 melius
1300 2718 1612 2765 commutauit3
1636 2721 1678 2757 et
1697 2730 1809 2769 quos
1838 2720 1967 2758 antea

350 2778 574 2827 peruertit,
607 2790 725 2817 nunc
767 2778 976 2817 omnibus
1017 2779 1250 2819 conatibus
1294 2781 1443 2828 instat,
1476 2784 1524 2821 ut
1552 2793 1627 2821 eos
1660 2783 1716 2822 ad
1745 2783 1965 2822 saniorem

350 2844 540 2880 mentem
570 2842 762 2882 reducat.
796 2842 878 2881 Hic
907 2854 1006 2881 cum
1028 2844 1214 2883 antehac
1234 2845 1351 2895 apud
1381 2846 1578 2885 scholam
1599 2846 1785 2886 ciuicam
1816 2847 1964 2898 (quam

350 2906 567 2955 poeticam
610 2908 836 2957 uocamus)
881 2907 1091 2946 lectiones
1135 2908 1349 2957 uisitaret‚
1387 2910 1473 2950 ian]
1517 2923 1563 2950 se
1605 2913 1745 2951 totum
1787 2913 1965 2951 nostrae

351 2971 527 3010 scholae
556 2974 598 3010 et
618 2971 879 3022 disciplinae
900 2972 1099 3011 subiecit.
1124 2973 1272 3013 Prima
1305 2976 1612 3015 conuersionis
1645 2977 1742 3016 eius
1775 2977 1962 3025 occasio,

351 3036 399 3073 ut
429 3035 553 3074 fateri
597 3036 690 3087 ipse
720 3037 845 3085 solet,
877 3035 960 3075 fuit
1002 3037 1322 3088 discipulorum
1366 3043 1618 3081 nostrorum
1648 3042 1695 3080 in
1724 3041 1861 3082 sacris
1889 3054 1965 3082 au-
