2099 3516
557 320 638 356 othl.
667 342 709 345 —
735 319 933 356 TREvfflis
959 320 1004 355 ⁹26
1030 320 1200 356 APRlLIS
1229 321 1314 356 1561
1635 322 1704 357 *2013

122 437 239 477 saria
260 440 378 477 sunt.
403 437 697 487 Quamobrem
719 439 977 478 curauimus
1010 446 1027 465 ἃ
1049 439 1195 478 denuo
1215 439 1465 489 catalogum
1493 440 1747 480 lectionum.

122 514 234 553 quas
264 502 346 541 hac
375 504 541 541 aestate
571 503 815 553 professuri
854 514 1025 544 sumuS.
1063 503 1169 554 tipis
1200 504 1423 544 mandare.
1456 515 1505 542 ac
1538 516 1612 554 per
1640 504 1749 543 cele-

123 568 292 607 briores
312 567 517 607 ciuitates
539 569 670 615 mitti,
693 580 745 608 ex
766 581 854 619 quo
877 569 1117 608 multorum
1148 569 1441 619 expectationi
1473 569 1750 608 satisfactum

121 644 216 672 esse
246 632 512 683 accepimus.
547 633 672 672 Multi
703 634 819 672 enim
852 633 928 684 qui
961 636 1136 684 propter
1168 634 1326 673 hiemis
1362 634 1569 673 seuitiam
1601 634 1750 673 venire

121 708 211 736 non
243 698 457 747 poterant,
490 697 572 737 hac
601 698 850 737 studiorum
882 698 1173 737 innouati‹.·ne
1199 698 1367 741 audita,
1392 698 1493 737 ilico
1524 698 1748 738 Treuerim

122 764 350 801 venerunt.
384 761 652 801 Nunciatum
673 762 803 802 etiam
839 762 968 801 nobis
997 764 1061 801 est
1093 763 1396 802 Conssuentiae
1420 763 1634 814 plurimos
1655 775 1750 802 esse

120 826 384 870 sacerdotes,
416 826 492 877 qui
523 828 768 877 composita
797 827 918 866 omni
950 827 1215 877 supellectili
1254 828 1339 867 huc
1373 828 1621 867 studiorum
1653 840 1749 878 gra-

120 890 180 929 tia
214 891 386 930 venturi
417 891 529 930 sint:
563 892 681 942 quod
713 892 907 931 faustum
955 892 1289 943 iucundumque
1332 892 1531 942 ecclesijs
1574 892 1750 932 Germa-

119 955 220 995 niae
251 955 448 995 futurum
479 968 725 1006 speramus,
757 968 871 1007 quae
908 959 1085 1007 propter
1125 957 1403 996 sacerdotum
1451 957 1749 1007 ignorantiam

121 1020 388 1060 vastissimis
417 1032 614 1060 errorum
646 1021 841 1060 tenebris
867 1021 1148 1062 circumfuso.
1174 1022 1375 1061 veritatis
1406 1023 1555 1062 lumen
1587 1022 1748 1061 intueri

120 1097 210 1124 non
240 1085 401 1124 valent.
436 1086 528 1125 Hac
559 1098 688 1137 porro
718 1087 901 1126 secundi
932 1087 1123 1138 catalogi
1158 1087 1512 1138 promulgatione
1546 1087 1749 1126 effectum

118 1153 198 1196 est,
233 1152 275 1189 vt
305 1150 538 1190 Societatis
569 1163 730 1190 nomen
761 1151 891 1202 longe
922 1152 1097 1203 lateque
1136 1152 1418 1202 diuulgatum
1461 1152 1533 1195 sit,
1575 1164 1625 1191 ac
1660 1152 1750 1191 illis

118 1215 379 1255 hominibus
408 1217 583 1266 gratum
614 1228 710 1255 esse
741 1217 936 1267 incipiet,
969 1217 1045 1268 qui
1081 1217 1328 1266 vtilitatem,
1361 1229 1492 1268 quam
1525 1229 1577 1256 ex
1607 1218 1750 1257 Socie-

118 1280 222 1319 tatis
254 1280 461 1320 Patribus
507 1281 710 1320 vniuerse
760 1281 1030 1332 reipublicae
1060 1294 1241 1321 manare
1271 1282 1480 1325 sentiant.
1514 1282 1599 1321 iam
1632 1283 1749 1322 clara

118 1345 215 1384 luce
245 1345 516 1386 intueantur.
549 1346 649 1385 Fuit
679 1348 825 1386 auten]
857 1346 1090 1386 Societatis
1122 1358 1281 1386 nomen
1305 1347 1347 1386 in
1378 1347 1518 1398 primo
1549 1348 1750 1399 catalogo

118 1421 406 1461 suppressum
437 1412 578 1450 certas
607 1411 664 1449 ob
694 1422 867 1453 causas,
900 1411 1065 1462 quibus
1097 1411 1146 1452 R.
1183 1411 1546 1462 archiepiscopus
1585 1412 1750 1451 adduc-

118 1476 190 1514 tus
220 1475 317 1515 fuit.
352 1475 602 1526 Antequam
634 1487 737 1515 vero
767 1476 1018 1515 studiorum
1049 1476 1165 1516 hanc
1195 1477 1535 1516 innouationem
1570 1477 1746 1516 inchoa-

118 1551 281 1587 remus,
316 1540 541 1591 publicum
572 1540 770 1580 omnium
803 1541 1057 1581 auditorum
1103 1553 1285 1581 examen
1327 1542 1620 1583 instituimus.
1662 1554 1749 1592 quo

116 1605 393 1645 commodius
425 1617 502 1656 pro
532 1605 749 1657 cuiusque
778 1606 1045 1646 eruditionis
1074 1606 1330 1646 conditione
1365 1607 1610 1657 discipulos
1640 1607 1749 1646 clas-

116 1669 242 1709 sibus
264 1670 436 1710 idoneis
456 1671 715 1711 distribuire
738 1683 993 1722 possemus:
1026 1671 1191 1722 quibus
1212 1671 1345 1711 etiam
1369 1672 1545 1723 regulas
1574 1672 1749 1723 aliquas

117 1735 283 1775 nostris
304 1735 712 1776 Constitutionibus
732 1737 1088 1776 accommodatas
1115 1737 1445 1788 proposuimus,
1477 1750 1529 1777 ex
1559 1750 1746 1788 quarum

115 1800 429 1841 obseruatione
459 1801 504 1840 in
536 1802 677 1841 literis
706 1804 748 1841 et
781 1802 978 1842 moribus
1009 1814 1099 1841 non
1129 1802 1337 1853 exiguum
1372 1803 1562 1842 fructum
1599 1815 1749 1842 conse-

115 1868 309 1916 quentur
338 1869 364 1907 1.
397 1867 490 1906 Hoc
522 1879 623 1906 vero
644 1867 949 1907 studiosorum
970 1868 1174 1907 examine
1196 1868 1336 1911 finito,
1362 1872 1562 1919 presente
1584 1870 1749 1907 rectore

117 1930 436 1979 vniuersitatis,
477 1933 637 1972 abbate
681 1935 877 1983 preterea
921 1932 978 1972 S}
1018 1933 1211 1979 Martini,
1257 1945 1357 1972 cum
1402 1933 1602 1972 nonullis
1647 1933 1749 1982 alijs

114 1996 247 2035 claris
277 2009 326 2036 ac
357 1997 586 2037 nobilibus
630 1998 753 2043 viris,
799 1998 942 2037 oratio
989 1998 1164 2049 publice
1208 1999 1360 2038 habita
1396 2001 1461 2038 est
1491 1999 1547 2037 ab
1578 2010 1665 2037 vno
1696 2011 1747 2037 ex

115 2063 329 2103 studiosis
372 2063 745 2104 adolescentibus.
782 2064 835 2103 de
865 2063 1098 2115 diligentia
1143 2064 1188 2103 in
1232 2064 1381 2103 studio
1424 2064 1748 2115 comparandae

116 2127 294 2167 virtutis
323 2129 591 2168 adhibenda.
625 2128 832 2169 Carmina
876 2141 1053 2180 quoque
1097 2130 1152 2168 ab
1196 2129 1285 2168 alio
1329 2129 1468 2169 nobili
1517 2141 1651 2180 puero
1696 2129 1748 2168 (le

114 2193 265 2232 eadem
309 2194 491 2233 materia
536 2195 714 2233 recitata
760 2196 878 2234 sunt.
926 2194 1157 2234 Lectiones
1202 2207 1331 2245 porro
1377 2195 1511 2234 huius
1555 2195 1747 2234 secunde

116 2258 422 2298 renouationis
461 2259 679 2310 auspicati
721 2271 877 2299 sumus
906 2260 958 2298 20
988 2260 1172 2310 Aprilis,
1206 2261 1248 2299 in
1283 2260 1447 2311 quibus
1477 2272 1553 2299 sex
1587 2260 1748 2310 profes-

115 2334 237 2362 sores
266 2335 364 2363 cum
398 2310 558 2376 magna
588 2325 822 2376 diligentia
852 2327 1101 2364 versantur.
1150 2325 1247 2365 Duo
1291 2326 1337 2364 in
1377 2325 1616 2376 theologia.
1652 2325 1747 2364 toti-

114 2388 213 2428 dem
244 2388 289 2427 in
321 2389 621 2440 philosophia.
654 2402 704 2429 ac
737 2392 957 2441 postremo
987 2390 1061 2441 alij
1095 2390 1184 2430 duo
1206 2391 1251 2429 in
1274 2391 1492 2430 rhetorica
1523 2393 1563 2429 et
1595 2391 1747 2430 huma-

114 2453 275 2501 nitate3
309 2466 361 2494 ex
390 2455 555 2506 quibus
584 2455 673 2495 duo
704 2455 903 2506 proxime
933 2468 957 2494 a
989 2456 1039 2495 R.
1074 2456 1119 2495 P.
1152 2455 1425 2495 Prouinciali
1455 2457 1468 2478 '³
1501 2456 1586 2495 huc
1622 2456 1745 2494 missi

114 2521 242 2565 sunt;
287 2532 477 2571 quorum
525 2533 636 2560 vnus
679 2523 745 2560 est
793 2521 843 2561 R.
890 2521 936 2560 P.
975 2521 1309 2561 Maximilianus
1340 2523 1368 2564 ³,
1402 2521 1653 2571 theologiae
1698 2521 1748 2559 li-

114 2584 334 2624 centiatus
363 2586 404 2624 et
437 2585 672 2636 professor.
704 2585 781 2637 qui
822 2586 1059 2625 lectionum
1106 2598 1288 2626 suarum
1320 2586 1449 2625 initio
1479 2586 1747 2625 assertiones

176 2746 192 2764 a
215 2738 406 2770 Hermum
432 2748 466 2771 v.
492 2740 709 2771 curauimus
736 2740 775 2771 ἰν
803 2750 872 2772 ms.

178 2901 186 2917 ¹
212 2899 287 2931 Has
312 2900 459 2940 regulas
497 2900 581 2932 vide
618 2901 663 2932 ad
702 2901 838 2933 calcem
878 2901 992 2933 huius
1030 2902 1225 2943 epistulae.
1259 2902 1350 2934 Vide
1388 2902 1533 2934 Lninii
1570 2903 1744 2935 Manum.

114 2952 137 2983 1.
162 2962 192 2984 c.
217 2953 290 2984 499.

174 3008 187 3024 Β
210 3004 247 3038 Ρ.
276 3005 483 3038 Everardus
508 3006 775 3040 Mercurianus.

176 3060 188 3077 ³
210 3058 247 3091 P.
273 3059 552 3092 Maximilianus
589 3070 610 3092 a
647 3060 795 3102 Capella
832 3062 892 3102 (de
923 3062 957 3094 la
980 3062 1179 3103 Chapelle).
1206 3062 1298 3095 Vide
1322 3063 1465 3094 Laim'i
1490 3063 1676 3096 Monam..
1702 3063 1744 3096 V.

113 3112 185 3151 636,
210 3113 282 3151 419,
308 3113 379 3151 481,
404 3114 477 3145 497.
