2099 3516
564 269 644 305 548.
672 289 714 295 —-
743 270 887 305 PRAGA
913 269 959 304 25
988 270 1174 306 Αυουετῑ
1203 270 1289 306 1561
1626 272 1693 308 397

871 497 985 547 548

492 637 545 687 Ρ.
598 637 939 688 l-IENRICUS
990 639 1363 690 BLISSEMIUS

607 773 745 800 PRAGA
779 763 827 799 025
861 774 1040 801 Aucusri
1073 765 1159 800 1561
1195 766 1219 801 ¹.

110 885 149 920 1.
177 882 241 920 De
271 882 511 921 domestica
549 883 805 933 disciplina.
849 885 913 923 De
955 886 1102 924 sociis.
1133 886 1197 924 De
1239 887 1398 925 Patris
1436 886 1742 926 Provincialis

217 949 488 988 visitatione.
521 970 572 975 —
602 953 643 988 2.
674 950 790 988 Novi
819 950 995 1000 collegii
1024 951 1203 990 alumni
1239 952 1519 999 laudantur;
1548 965 1741 1003 quorum

217 1013 363 1062 aliqui
392 1014 449 1052 ad
470 1013 731 1053 Societatem
761 1016 982 1065 aspirant.
1012 1016 1252 1055 Parantur
1270 1017 1445 1056 scholae
1473 1019 1741 1068 superiores.

216 1099 267 1104 —
288 1082 329 1117 3.
351 1079 534 1118 Navant
560 1080 708 1118 nostri
729 1093 908 1130 operam
936 1081 1127 1120 hussitis
1156 1082 1196 1120 et
1224 1082 1401 1121 iudaeis
1425 1083 1475 1121 ut
1494 1083 1541 1121 hi
1560 1083 1743 1121 catholi-

217 1155 314 1182 cam
335 1144 568 1183 veritatem
598 1146 792 1195 capiant.
816 1167 867 1172 —
894 1149 939 1185 4.
968 1146 1110 1185 Paces
1130 1148 1249 1186 inter
1277 1148 1595 1186 ecclesiasticos
1619 1149 1743 1187 viros

215 1221 316 1248 eum
346 1209 557 1256 aliorum,
580 1211 716 1248 etiam
748 1210 1105 1259 lutheranorum,
1133 1212 1440 1261 aedificatione
1469 1225 1740 1263 componun-

217 1273 306 1312 tur.
338 1295 389 1300 —
418 1277 460 1312 5.
490 1274 774 1313 Ferdinandi
796 1277 1021 1326 principis
1050 1288 1159 1327 erga
1187 1278 1331 1316 socios
1359 1277 1576 1316 studium.

190 1397 226 1436 1.
260 1396 352 1436 Pax
381 1395 546 1436 Christi
577 1396 673 1437 Rssle
697 1397 743 1437 in
778 1397 955 1438 Christo
986 1399 1129 1440 Pater.
1156 1399 1245 1452 [Ex
1275 1401 1595 1441 consuetudine
1629 1403 1739 1441 scri-

109 1461 208 1514 bit.]
240 1462 292 1501 In
321 1462 404 1501 hac
433 1461 571 1513 igitur
598 1462 838 1503 Bohemica
875 1464 1055 1504 Domini
1087 1477 1243 1512 messe,
1276 1465 1471 1516 exceptis
1505 1465 1597 1505 illis
1627 1477 1741 1516 quos

107 1527 352 1579 oybinense
380 1527 701 1568 monasterium
731 1529 878 1577 habet,
901 1530 1152 1569 sacerdotes
1177 1532 1266 1570 tres
1294 1533 1336 1570 et
1365 1530 1523 1570 fratres
1554 1530 1618 1579 15,
1649 1542 1740 1570 om-

108 1604 187 1633 nes
217 1604 293 1643 per
321 1594 401 1634 Dei
430 1591 711 1635 clementiam
741 1596 929 1646 utroque
958 1594 1140 1634 homine
1169 1595 1268 1635 sani
1295 1607 1542 1636 uersamur.
1574 1595 1627 1635 Et
1651 1608 1739 1647 quo

107 1661 342 1712 praecipue
378 1660 665 1700 confirmetur
707 1660 893 1699 interior
921 1659 1060 1699 animi
1096 1660 1281 1705 sanitas,
1314 1660 1497 1700 assidua
1525 1660 1740 1700 constitu·

106 1725 280 1766 tionum
309 1728 564 1766 nostrarum
592 1725 892 1765 declaratione
922 1725 973 1765 R.
998 1725 1046 1764 P.
1070 1727 1213 1765 rector
1240 1727 1255 1749 ‘²
1286 1725 1529 1775 plurimum
1559 1725 1736 1777 satagit.

106 1791 171 1830 Ex
199 1791 412 1831 fratribus
440 1793 587 1831 autem
617 1793 783 1842 septem
813 1790 1068 1841 spiritualia
1106 1789 1340 1830 Societatis
1378 1790 1587 1830 exercitia
1615 1792 1739 1830 tanto

106 1856 268 1903 fructu,
312 1858 480 1908 quanta
522 1856 770 1907 diligentia,
816 1867 959 1906 nuper
1004 1856 1312 1902 absoluerunt,
1362 1867 1553 1907 quorum
1603 1868 1736 1902 unus,

106 1921 209 1961 licet
250 1933 357 1962 suae
387 1921 664 1972 probationis
708 1921 938 1960 biennium
968 1921 1169 1960 nondum
1204 1921 1388 1961 omnino
1432 1921 1736 1972 transegisset,

104 1998 157 2026 eo
186 1989 334 2026 tamen
364 1987 410 2026 in
439 1987 522 2026 hac
565 1986 801 2026 uocatione
844 1998 1107 2037 progressus
1137 1989 1217 2034 est,
1253 1988 1299 2026 ut
1341 1998 1476 2026 sensu
1506 1998 1639 2037 quam
1670 1998 1739 2025 ae-

107 2053 194 2091 tate
224 2051 440 2091 maturior
468 2051 644 2099 existat,
676 2063 727 2091 ac
756 2051 957 2102 proinde,
989 2051 1107 2101 quod
1140 2051 1425 2091 uehementer
1458 2050 1738 2090 desideraue-

106 2118 188 2165 rat,
221 2129 244 2156 a
277 2117 328 2158 R.
362 2117 409 2156 Ρ.
455 2116 723 2168 prouinciali
767 2116 824 2156 sit
867 2118 1187 2166 consequutus,
1220 2118 1269 2155 ut
1311 2116 1488 2155 emissis
1532 2115 1740 2155 uidelicet

104 2181 387 2233 simplicibus
416 2182 535 2222 uotis
563 2189 597 2230 a,
629 2182 796 2221 arctius
838 2193 939 2221 cum
984 2181 1161 2222 Christo
1192 2181 1238 2220 in
1277 2181 1360 2220 hac
1390 2180 1607 2220 Societate
1637 2192 1739 2220 con-

105 2247 364 2298 iungeretur
397 2249 425 2287 ³.
464 2247 583 2287 Idem
614 2259 793 2299 quoque
822 2247 1085 2286 beneficium
1115 2246 1273 2286 diuina
1312 2246 1454 2297 gratia
1485 2246 1536 2285 R.
1569 2246 1617 2285 P.
1651 2257 1740 2285 rec-

103 2312 206 2360 tori,
242 2314 284 2352 et
314 2312 440 2360 mihi,
477 2313 579 2352 licet
608 2313 809 2352 omnium
840 2311 1172 2363 indignissimo,
1204 2311 1419 2363 contigit,
1456 2323 1555 2351 cum
1585 2310 1603 2336 b
1633 2312 1738 2350 uota

103 2380 257 2417 nostra
299 2378 520 2429 simplicia
550 2381 579 2425 ⁴,
612 2378 743 2417 nobis
785 2377 832 2417 in
881 2377 932 2416 R.
966 2377 1013 2417 P.
1047 2377 1340 2428 prouincialis
1380 2376 1604 2424 manibus,
1636 2388 1737 2416 cum

166 2546 185 2564 a
205 2537 305 2570 uotis
328 2546 455 2579 supra
478 2547 579 2570 vers.
602 2557 642 2560 —
664 2537 684 2564 b
703 2537 787 2570 Del.
812 2547 891 2570 nra.

166 2688 176 2706 ¹
200 2687 253 2719 Ex
275 2687 490 2729 apographo
512 2696 647 2719 coaevo
687 2687 727 2719 in
750 2686 829 2719 cod.
859 2686 988 2719 Germ.
1013 2686 1096 2723 139,
1121 2685 1146 2719 f.
1171 2687 1234 2724 85;
1259 2686 1364 2728 prius
1398 2686 1460 2717 0270
1485 2685 1588 2726 (0286).
1623 2684 1736 2716 Aliud

101 2749 228 2782 apogr.
254 2740 445 2773 invenitur
467 2741 506 2772 in
530 2740 609 2773 cod.
638 2740 767 2773 Germ.
792 2740 876 2776 143,
901 2740 926 2773 f.
953 2741 1023 2773 134.
1048 2740 1180 2772 Exstat
1203 2739 1317 2772 etiam
1341 2748 1467 2780 apogr.
1492 2738 1736 2771 vindobonae

103 2793 143 2826 in
166 2793 345 2826 Biblioth.
380 2794 537 2833 nation.,
562 2794 641 2826 cod.
668 2794 780 2826 13601.
820 2793 1046 2826 Particulam
1069 2793 1187 2826 edidit
1209 2793 1530 2825 BRAUNSBERGER:
1555 2791 1600 2824 B.
1624 2790 1737 2823 Petri

106 2846 266 2879 Canisii
291 2847 426 2888 Epist..
451 2847 513 2887 III,
542 2848 614 2880 720.

164 2902 176 2920 2
198 2900 235 2933 P.
262 2900 399 2933 Paulus
422 2900 609 2933 Hoffaeus.

163 2955 176 2973 ³
199 2953 285 2986 Fuit
307 2953 340 2985 is
364 2954 573 2986 Alexander
594 2953 702 2995 Voyt.
728 2953 780 2988 Cf.
805 2954 1114 2994 BRAUNSBERGER,
1139 2954 1163 2986 l.
1189 2963 1219 2987 c.

163 3007 176 3026 ⁴
199 3006 368 3048 Intellige
391 3008 478 3039 vota
499 3016 596 3049 quae
620 3007 775 3049 professi
810 3008 990 3050 quattuor
1011 3008 1182 3040 votorum
1206 3007 1384 3040 emittunt
1406 3006 1491 3048 post
1521 3005 1736 3038 sollemnem

101 3060 380 3103 professionem,
405 3070 516 3103 quam
541 3061 581 3093 hi
604 3061 732 3094 Patres
755 3061 815 3094 die
839 3062 878 3094 16
900 3061 1024 3094 Martii
1048 3062 1238 3094 voverant.
1262 3060 1357 3094 Vide
1379 3069 1414 3101 p.
1439 3060 1511 3092 299.
