2099 3516
463 255 542 291 563.
572 276 613 281 -
642 255 915 292 INGOLSTADIO
944 255 959 290 1
990 254 1245 291 SEPTEMBRIS
1281 255 1368 290 1561
1610 256 1679 291 463

854 465 966 515 563

475 607 528 656 Ρ.
587 606 927 657 HENRICUS
983 605 1352 656 ARBOREUS

545 737 815 763 1NG0LsTAn10
845 726 860 762 1
889 736 1138 762 SEPTEMssms
1168 726 1254 762 1561
1283 727 1308 762 1.

90 852 131 886 1.
163 847 396 887 Sociorum
426 847 647 886 valetudo.
681 847 924 885 Numerus
975 847 1181 896 Ingressi
1210 848 1258 884 in
1291 845 1567 885 Societatem.
1601 869 1650 873 -
1681 851 1724 885 2.

200 912 452 961 Disciplina
486 912 700 961 religiosa
719 912 860 960 floret.
885 912 976 949 Pro
997 912 1117 960 felici
1137 912 1316 950 concilii
1342 911 1580 950 tridentini
1601 913 1724 950 exitu

200 989 348 1027 preces
390 978 478 1015 Deo
522 977 795 1026 funduntur.
840 999 887 1002 —
927 980 968 1014 3.
1002 977 1194 1015 Fructus
1238 989 1290 1015 ew
1334 978 1724 1016 sacramentorum

201 1042 612 1081 administratione.
637 1062 686 1067 —-
714 1045 758 1080 4.
793 1040 1027 1080 Comoedia
1049 1041 1099 1079 ab
1120 1041 1399 1080 scholasticis
1428 1042 1636 1080 exhibita.
1670 1043 1724 1080 E-

195 1108 367 1157 piscopi
396 1107 652 1145 eistatensis
681 1106 995 1144 benevolentia.
1019 1128 1069 1132 —
1099 1110 1141 1145 5.
1172 1107 1310 1145 Aedes
1334 1107 1648 1156 perficiuntur.
1673 1130 1722 1133 —

199 1195 249 1198 —
279 1176 321 1210 6.
351 1172 409 1210 In
452 1172 771 1210 catholicorum
806 1172 1077 1210 coemeteriis
1107 1172 1343 1221 sepultura
1383 1172 1618 1211 haereticis
1647 1185 1722 1211 ne-

198 1238 350 1287 yatur.

175 1344 210 1382 1.
242 1343 271 1392 -ξ-
294 1343 382 1381 llis.
407 1342 648 1381 Transacto
669 1354 788 1381 0000
809 1344 1001 1393 quatuor
1028 1342 1330 1392 proximorum
1366 1343 1586 1382 niensium
1625 1355 1721 1382 cur-

93 1408 250 1453 riculo,
274 1407 531 1447 Reuerende
552 1407 598 1446 in
620 1407 679 1446 X0
712 1407 800 1453 Pr..
825 1419 876 1446 ea
906 1407 1060 1458 paucis
1089 1408 1285 1458 aperiam
1315 1408 1368 1447 de
1397 1409 1563 1459 quibus
1584 1409 1723 1448 Reue-

95 1473 272 1513 rendan]
318 1472 633 1512 Paternitatem
680 1475 869 1512 vestram
918 1473 1042 1512 iuxta
1092 1475 1311 1523 receptum
1357 1485 1407 1513 ac
1451 1460 1722 1513 laudabilem

91 1540 241 1578 nostre
261 1538 494 1578 8001010115
515 1549 680 1577 morem
701 1538 913 1577 conuenit
941 1538 1168 1577 certiorem
1200 1538 1308 1577 fieri.
1343 1538 1492 1577 Primo
1521 1539 1721 1579 omnium

86 1606 223 1654 (quae
253 1603 331 1642 Dei
362 1605 428 1642 est
457 1603 615 1653 gratia)
656 1615 738 1642 nos
777 1615 946 1649 omnes,
989 1605 1077 1642 tam
1118 1603 1270 1642 Patres
1305 1615 1438 1654 quam
1471 1605 1643 1650 iratres,
1675 1604 1722 1643 in

92 1669 175 1708 hoc
194 1668 381 1719 collegio
404 1680 613 1718 prospera
633 1668 696 1708 sic
717 1668 827 1708 satis
858 1668 1048 1707 fruimur
1079 1668 1346 1708 valetudine.
1380 1668 1545 1708 800105
1574 1671 1722 1709 001010

92 1734 155 1780 16,
178 1745 368 1785 quorum
398 1733 596 1784 quinque
625 1734 876 1784 sacerdotij,
900 1736 988 1773 tres
1008 1735 1155 1773 autem
1186 1734 1462 1784 dyaconatus
1491 1734 1720 1774 eminenta

90 1799 322 1850 dignitate.
346 1799 505 1850 reliqui
536 1799 681 1838 adhuc
702 1799 750 1838 in
771 1799 1021 1838 minoribus
1050 1801 1126 1838 aut
1156 1799 1303 1838 laicali
1334 1802 1451 1839 statu
1483 1802 1588 1839 sunt
1617 1812 1722 1840 000-

91 1864 259 1910 5111011;
291 1876 344 1904 ex
374 1864 445 1903 his
480 1866 567 1903 tres
601 1866 706 1903 sunt
747 1864 925 1916 nouitij,
971 1876 1161 1915 quorum
1190 1864 1214 1903 <2
1245 1876 1387 1915 nuper
1420 1865 1506 1904 1100
1537 1865 1722 1905 Colonia

92 1932 322 1975 venerunt,
355 1929 512 1968 tertius
542 1933 685 1969 autem
716 1929 976 1980 Salisburga
1006 1942 1032 1968 a
1062 1931 1194 1969 fratre
1223 1941 1320 1977 500,
1353 1930 1626 1970 dominicani
1657 1931 1723 1970 10-

90 1995 234 2034 stituti
264 1995 441 2034 doctore
471 1995 594 2042 italo,
627 1995 807 2033 nomine
837 1994 1061 2034 Feliciano
1091 1994 1108 2019 b
1135 1995 1229 2046 (qui
1260 1995 1379 2045 apud
1409 1995 1720 2047 8005001000-

90 2071 161 2099 505
195 2068 209 2086 ⁰
243 2060 335 2111 agit
377 2060 650 2110 episcopum)
686 2061 716 2102 2.
754 2060 934 2109 missus,
981 2062 1025 2099 vt
1070 2062 1112 2099 et
1155 2060 1249 2111 ipse
1292 2063 1469 2100 nostrae
1513 2060 1721 2101 Societati

88 2125 420 2176 adiungeretur,
453 2137 540 2176 qua
571 2125 623 2164 de
645 2137 689 2164 re
710 2125 797 2164 iam
825 2125 1064 2176 aliquoties
1094 2137 1193 2165 cum
1226 2126 1321 2165 Pre.
1356 2126 1539 2165 Rectore
1569 2129 1722 2166 nostro

92 2202 167 2241 per
195 2190 346 2229 literas
376 2192 536 2240 egerat.
567 2190 676 2230 Cum
707 2192 853 2229 autem
886 2190 924 2229 is
954 2190 1013 2229 sit
1042 2190 1110 2229 vir
1139 2190 1297 2230 doctus
1327 2193 1368 2230 et
1400 2191 1515 2241 pius,
1548 2194 1720 2231 nostro-

90 2267 276 2306 rumque
305 2254 502 2303 patrum,
534 2255 731 2306 adeoque
765 2255 998 2295 Societatis
1040 2258 1218 2295 nostrae
1261 2256 1432 2295 amicus
1470 2256 1590 2296 haud
1626 2257 1720 2296 vul-

84 2320 223 2371 garis,
274 2320 419 2359 noluit
457 2319 475 2345 d
520 2322 713 2362 fratrem.
760 2320 961 2372 alioquin
1011 2332 1088 2371 pro
1137 2321 1308 2360 ratione
1361 2321 1519 2360 aetatis
1570 2322 1721 2361 animo

150 2464 167 2482 a
188 2456 352 2487 eminent
374 2456 421 2487 in
444 2465 584 2496 marg..
610 2455 730 2488 deleto
753 2465 788 2488 v.
814 2456 917 2496 quod
941 2456 1018 2496 leyi
1042 2456 1191 2496 nequit.
1217 2475 1255 2478 —
1280 2456 1297 2482 b
1317 2456 1365 2488 In
1392 2465 1462 2489 ms.
1491 2457 1649 2488 videtur
1671 2457 1721 2489 Ie—

87 2509 259 2549 yenclmn
284 2509 489 2541 FeliCoano.
515 2528 554 2531 —
578 2517 593 2535 c
612 2508 738 2540 Prius
766 2509 912 2540 rectius
941 2508 1275 2550 Salishurgensem.
1301 2528 1340 2531 —-
1364 2510 1383 2536 d
1403 2509 1450 2541 In
1476 2519 1547 2541 ms.
1573 2510 1722 2550 legitur

88 2562 224 2601 voluit;
243 2571 369 2602 snpra
386 2571 408 2593 v
424 2562 616 2603 scriptam
634 2564 691 2594 est
706 2562 793 2593 alia
808 2571 929 2593 »nanu
949 2572 984 2601 n,
1007 2564 1046 2593 ut
1063 2562 1260 2603 legeretur
1276 2563 1408 2601 noluit,
1423 2563 1527 2604 quod
1543 2564 1721 2595 conteoeta

89 2615 216 2647 oratio
231 2614 438 2656 postulare
465 2615 633 2648 videtur.
658 2615 707 2647 In
730 2617 894 2656 utroque
910 2624 968 2648 ex.
987 2615 1134 2648 codicis
1162 2615 1290 2648 Germ.
1316 2616 1389 2647 143
1412 2616 1560 2657 legitur
1586 2616 1719 2656 noluit,

89 2669 158 2700 secl
179 2668 224 2700 in
247 2669 314 2701 alt.
341 2670 557 2700 correctum
581 2678 629 2700 ex
651 2668 781 2701 voluit.

150 2783 160 2800 ²
183 2781 236 2813 Ex
259 2782 434 2823 originali
458 2783 498 2814 in
522 2782 600 2814 cod.
630 2781 758 2815 Germ.
783 2782 867 2817 139,
893 2782 916 2814 f.
940 2784 999 2817 87:
1025 2784 1130 2824 prius
1163 2784 1225 2815 279
1258 2784 1361 2824 (298).
1388 2784 1450 2815 Est
1475 2783 1577 2815 aliud
1601 2793 1721 2815 exem-

88 2835 189 2877 plum
213 2835 252 2867 in
275 2836 354 2867 cod.
383 2834 511 2868 Germ.
537 2835 620 2868 143.
646 2835 669 2867 f.
696 2836 771 2874 142&
797 2835 962 2875 tertium,
988 2836 1078 2869 ibid.
1104 2836 1164 2869 fol.
1191 2837 1261 2869 143.

149 2889 161 2907 Β
184 2888 393 2920 Felicianus
410 2888 628 2929 Ninguarda
643 2898 664 2920 a
680 2888 868 2920 Morbenio
885 2888 924 2921 O.
945 2889 994 2923 P..
1013 2890 1077 2931 qui
1095 2890 1178 2930 post
1193 2889 1265 2922 fuit
1282 2890 1395 2931 episc.
1414 2889 1553 2925 800100,
1573 2889 1608 2922 8.
1626 2891 1721 2931 Aga-

88 2941 175 2973 thae
209 2942 244 2973 et
278 2941 481 2979 Comensis,
500 2942 740 2973 consiliarius
774 2943 853 2974 erat
887 2942 1053 2983 episcopi
1087 2943 1391 2984 salisburgensis.
1418 2943 1469 2975 Cf.
1499 2943 1719 2975 Concilium

93 2993 426 3027 Tridentinimi....
456 2995 589 3036 (edidit
611 2995 777 3027 Societas
801 2995 1074 3036 Goerresiana),
1100 2995 1196 3035 VIII,
1221 2997 1282 3028 504
1305 3006 1384 3037 sqq.
1412 2997 1461 3028 De
1485 2997 1566 3028 0105
1593 2996 1718 3037 fratre,

90 3048 210 3080 tirone
234 3049 372 3087 nostro,
398 3048 495 3080 nihil
520 3048 914 3089 potuimuseinvenire.
