2099 3516
416 255 484 290 0266
889 255 1093 292 LlrrssRAn
1119 256 1462 300 QUADmMEsTREs

367 374 517 412 nostro
547 372 731 423 Signore
778 373 860 412 Dio
908 385 1088 423 operare
1122 385 1198 423 per
1226 374 1369 423 questi
1399 374 1579 425 indegni
1609 377 1648 414 et
1680 375 1851 415 minimi
1881 377 1979 416 suoi

366 437 499 483 serui,
532 437 562 476 il
592 437 671 476 che
701 439 815 477 tutto
845 437 881 476 si
930 438 1007 476 dee
1056 437 1327 476 riconoscere
1361 438 1479 477 dalla
1508 450 1588 478 sua
1617 439 1706 478 alta
1736 439 1978 480 misericor-

365 500 452 540 dia.
485 500 530 540 Si
561 501 756 540 uisitano
786 514 938 552 spesso
968 503 1009 540 et
1056 501 1093 540 si
1132 501 1393 541 confessano
1423 502 1598 542 infermi
1628 503 1683 542 da
1712 503 1725 542 i
1755 504 1910 552 nostri,
1941 506 1979 544 si

366 565 469 604 nell'
488 566 730 616 hospetale,
762 566 873 605 com'
893 566 1076 606 altroue.
1108 565 1152 604 Si
1184 578 1317 617 porge
1346 578 1455 606 anco
1484 567 1605 606 aiuto
1635 570 1800 618 quanto
1825 568 1862 607 si
1892 569 1980 619 puo

365 641 390 667 a
420 629 663 680 bisognosi,
695 632 737 669 et
765 630 802 669 si
833 630 1014 669 souiene
1043 641 1068 668 a
1097 629 1317 680 gl'afflitti
1346 642 1428 670 con
1475 631 1579 681 ogni
1609 631 1792 679 charita,
1824 633 1980 682 perche

365 705 517 744 spesso
547 696 637 733 cosi
687 696 791 733 fatte
839 694 957 745 genti
1006 693 1255 733 riccorrono
1285 707 1309 734 a
1339 695 1352 733 i
1384 695 1522 734 nostri
1570 695 1813 735 chiedendo
1859 696 1980 736 aiuto

365 758 480 797 nelle
508 759 603 797 loro
632 758 925 805 tribulationi,
957 758 1027 797 chi
1059 770 1135 808 per
1163 770 1307 798 essere
1353 760 1572 799 accordati
1615 760 1659 799 di
1689 760 1876 811 qualche
1904 761 1981 800 lite

364 822 596 861 ch’hanno
625 835 708 862 con
737 822 953 873 maggiori
983 824 1024 861 et
1053 823 1129 873 piu
1160 823 1326 873 potenti
1356 825 1398 862 et
1428 824 1503 874 piu
1534 824 1643 863 richi
1691 824 1735 863 di
1769 825 1878 872 loro,
1909 825 1981 864 chi

365 887 523 937 perche
553 899 695 938 uenga
726 889 945 926 souenuto
974 888 1062 926 alla
1093 888 1274 938 pouerta
1304 890 1344 927 et
1374 889 1590 927 necessita
1620 889 1727 929 loro.
1745 889 1859 928 Altri
1889 901 1981 940 per-

364 951 444 991 che
473 952 510 991 si
542 963 764 1002 prouegga
794 951 838 990 di
868 951 1063 1002 allogare
1093 952 1132 991 le
1162 952 1359 1003 figliuole
1380 964 1540 1003 pouere
1559 965 1642 992 con
1671 953 1700 992 l'
1719 953 1841 992 aiuto
1869 954 1981 992 d’al-

364 1028 476 1055 cune
504 1016 758 1063 elemosine,
790 1028 815 1055 o
847 1016 1152 1063 maritandole,
1184 1029 1209 1055 o
1239 1017 1577 1056 mantenendole
1624 1017 1670 1056 in
1701 1018 1979 1058 monasterio.

365 1080 479 1119 Altri
517 1080 645 1131 quasi
675 1080 889 1119 diffidenti
918 1088 937 1106 ἃ
990 1092 1195 1131 1161130110
1224 1081 1278 1120 da
1308 1081 1322 1120 i
1353 1081 1492 1120 nostri
1522 1094 1547 1120 a
1576 1083 1725 1121 buona
1771 1093 1982 1132 speranza

364 1145 567 1191 soleuati,
599 1147 640 1184 et
670 1145 940 1195 negl'affani
988 1145 1082 1184 loro
1129 1146 1360 1185 consolati.
1393 1145 1511 1185 Sono
1553 1148 1721 1185 entrate
1750 1147 1796 1185 in
1826 1158 1980 1185 mona-

363 1209 497 1248 sterio
526 1211 568 1248 et
597 1209 702 1248 fatte
732 1209 936 1260 religiose
965 1209 1118 1249 dodeci
1168 1210 1337 1261 Vergini
1382 1210 1426 1249 in
1475 1211 1577 1261 quel
1606 1213 1734 1250 torno
1763 1211 1807 1250 di
1837 1211 1981 1262 quelle

363 1274 443 1313 che
472 1273 822 1324 frequentauano
852 1275 892 1313 la
923 1277 1075 1313 nostra
1104 1274 1253 1314 chiesa
1282 1275 1399 1314 nello
1428 1275 1572 1325 spatio
1601 1275 1645 1314 di
1675 1276 1759 1315 due
1788 1276 1909 1323 anni,
1940 1278 1982 1315 et

364 1338 496 1377 molle
526 1338 702 1377 n'hano
732 1339 881 1378 buona
911 1339 1093 1378 uolonta
1123 1339 1167 1378 di
1198 1339 1288 1378 fare
1317 1339 1348 1378 il
1378 1339 1632 1379 medesimo.
1657 1340 1787 1379 Molte
1811 1339 1981 1379 uedoue

363 1414 474 1441 anco
503 1403 540 1441 si
571 1415 681 1442 sono
711 1403 978 1442 confermate
1007 1404 1079 1443 nel
1109 1404 1203 1443 loro
1232 1404 1352 1443 huon
1374 1404 1600 1454 proposito
1628 1404 1673 1443 di
1704 1416 1982 1455 perseuerare

368 1467 551 1513 uedoue,
584 1468 626 1506 la
655 1468 769 1507 onde
800 1480 889 1507 uno
919 1470 1009 1507 cosi
1040 1468 1223 1507 ridendo
1255 1470 1341 1515 (ma
1361 1469 1576 1519 parlando
1606 1469 1750 1520 percio
1771 1469 1826 1508 da
1846 1471 1980 1518 uero),

363 1532 481 1572 disse
510 1533 557 1571 in
587 1532 788 1583 publico:
821 1533 876 1572 da
906 1533 985 1572 che
1020 1533 1164 1584 questi
1194 1534 1305 1583 preti
1335 1545 1445 1573 sono
1475 1533 1521 1572 in
1550 1533 1906 1584 Montepulciano
1927 1535 1981 1573 116

364 1598 533 1649 Vergini
564 1599 619 1637 116
648 1598 820 1637 uedoue
869 1598 1080 1648 uogliono
1128 1598 1203 1648 piu
1252 1598 1479 1637 intendere
1508 1598 1552 1638 di
1585 1598 1818 1638 maritarsi.
1850 1599 1981 1638 Molte

363 1663 472 1702 altre
501 1674 601 1702 cose
630 1662 766 1701 simili
814 1663 852 1701 si
900 1662 1040 1713 degna
1085 1662 1116 1702 il
1147 1662 1332 1713 Signore
1361 1674 1437 1713 per
1465 1675 1546 1702 sua
1575 1663 1795 1702 clemenza
1824 1663 1981 1713 adope-

362 1739 458 1766 rare
487 1739 563 1778 per
593 1739 712 1766 mezo
742 1727 787 1766 di
816 1727 961 1778 questi
1006 1727 1177 1766 minimi
1221 1727 1339 1766 serui
1387 1727 1486 1766 suoi
1516 1729 1557 1766 et
1586 1727 1630 1766 di
1661 1729 1809 1767 vostra
1839 1727 1978 1775 Billa,

362 1792 393 1831 il
423 1793 502 1832 che
531 1794 645 1831 tutto
666 1792 703 1831 si
734 1792 791 1831 ha
812 1792 867 1831 da
898 1792 1172 1831 riconoscere
1192 1793 1311 1832 dalla
1332 1804 1412 1832 sua
1434 1793 1556 1842 larga
1577 1794 1618 1831 et
1639 1794 1814 1843 potente
1835 1804 1978 1833 mano.

441 1857 478 1896 5.
512 1857 579 1896 Ma
610 1869 686 1908 per
715 1857 931 1896 ritornare
960 1857 1046 1896 alle
1075 1868 1174 1896 cose
1203 1857 1247 1896 di
1278 1869 1379 1896 casa
1408 1857 1513 1896 delli
1543 1857 1664 1908 quali
1698 1857 1735 1896 si
1766 1858 1788 1896 e
1817 1857 1981 1896 comin-

362 1922 476 1962 ciato
507 1922 537 1961 il
568 1922 917 1972 ragionament0‚
949 1922 1097 1973 quello
1128 1934 1218 1961 non
1248 1923 1306 1961 mi
1338 1934 1416 1972 par
1444 1922 1500 1961 da
1528 1924 1684 1969 tacere,
1716 1922 1795 1961 che
1832 1934 1981 1961 655611-

362 1987 458 2026 (1051
488 1999 513 2026 a
542 1987 555 2025 i
586 1987 630 2025 di
661 1986 826 2037 passati
871 1998 946 2037 per
976 1999 1095 2026 mezo
1125 1987 1166 2025 d'
1181 1987 1331 2026 alcuni
1365 1987 1548 2026 eccitata
1584 1989 1737 2026 contra
1774 1987 1848 2026 noi
1892 1998 1981 2026 una

362 2064 496 2102 graue
526 2052 844 2102 persecutione,
876 2064 901 2090 a
930 2052 1058 2102 guisa
1087 2052 1131 2091 di
1162 2052 1266 2091 fiera
1308 2054 1522 2102 tempesta
1554 2053 1657 2090 nata
1699 2052 1755 2091 da
1784 2051 1980 2091 rabbiosi

362 2117 500 2165 uenti,
532 2117 564 2156 11
594 2117 679 2156 fine
709 2117 824 2155 della
854 2117 984 2167 quale
1014 2128 1087 2155 era
1116 2116 1160 2155 di
1190 2116 1415 2155 cacciarne
1444 2116 1488 2155 di
1519 2119 1674 2167 questo
1720 2116 1906 2167 collegio
1940 2118 1982 2155 et

362 2182 406 2221 di
437 2184 592 2233 questa
621 2184 749 2227 terra,
781 2181 896 2232 dopo
925 2181 1026 2232 quei
1057 2181 1242 2220 terribili
1272 2183 1314 2220 et
1343 2181 1467 2220 breui
1488 2181 1746 2221 mouimenti
1767 2181 1790 2220 6
1810 2181 1981 2231 56311113

363 2258 453 2286 una
499 2258 609 2297 gran
658 2246 949 2297 tranquillita,
999 2248 1041 2285 et
1070 2246 1341 2297 gl'auersari
1384 2258 1494 2285 sono
1539 2245 1690 2285 rimasi
1721 2246 1833 2285 uinti
1863 2246 1981 2285 dalla

362 2312 569 2362 pacienza
598 2313 639 2350 et
668 2312 889 2350 toleranza
919 2312 972 2350 de
1002 2311 1015 2350 i
1046 2311 1201 2359 nostri,
1251 2323 1341 2350 non
1371 2323 1502 2350 senza
1546 2311 1681 2350 molta
1710 2310 1981 2361 maraueglia

361 2376 475 2427 degl’
490 2376 620 2415 amici
651 2376 805 2423 nostri,
838 2376 851 2415 i
881 2376 1002 2427 quali
1032 2387 1142 2415 sono
1190 2375 1340 2414 restati
1384 2375 1539 2426 stupiti
1583 2375 1697 2414 della
1744 2376 1981 2414 constanza

362 2441 415 2480 de
444 2441 457 2480 i
488 2440 643 2488 nostri,
675 2441 747 2480 dal
778 2441 857 2480 che
888 2452 941 2479 ne
970 2442 992 2479 e
1023 2441 1260 2491 proceduto
1289 2440 1369 2479 che
1398 2440 1539 2487 molti,
1573 2439 1727 2490 pentiti
1757 2440 1809 2478 de
1843 2439 1856 2478 i
1886 2439 1980 2479 loro

363 2505 704 2556 proponimenti,
736 2517 845 2544 sono
877 2505 1029 2544 uenuti
1059 2518 1084 2544 a
1113 2505 1314 2544 chiedere
1347 2505 1541 2555 perdono
1562 2504 1606 2544 di
1627 2504 1785 2543 essersi
1806 2504 1980 2554 opposti

362 2570 448 2609 alle
488 2582 588 2609 cose
635 2571 798 2619 nostre,
831 2570 1115 2620 prometendo
1159 2581 1235 2619 per
1275 2569 1497 2608 l'auenire
1539 2568 1704 2608 l'aiuto
1755 2570 1796 2607 et
1825 2568 1856 2607 il
1886 2568 1980 2608 loro

362 2635 527 2675 fauore.
560 2635 621 2674 La
650 2634 764 2674 onde
794 2646 883 2673 uno
929 2634 1071 2673 amico
1100 2636 1142 2673 et
1189 2634 1349 2673 deuoto
1396 2636 1548 2673 nostro
1578 2633 1980 2684 marauegliandosi

361 2700 478 2738 della
524 2699 665 2751 gratia
712 2700 792 2739 che
838 2701 990 2738 nostro
1037 2698 1222 2749 Signore
1266 2698 1308 2738 fa
1338 2699 1427 2738 alla
1470 2698 1755 2749 Compagnia,
1791 2698 1908 2737 disse
1937 2698 1980 2737 al

363 2764 502 2803 Padre
532 2765 731 2804 Rettore:
763 2764 908 2803 donde
930 2764 1112 2814 procede
1141 2764 1221 2803 che
1241 2763 1532 2803 desiderando
1565 2774 1700 2802 ancor
1718 2762 1793 2802 noi
1814 2762 1980 2802 seruire

362 2831 404 2868 et
435 2829 603 2879 piacere
632 2841 657 2868 a
686 2828 876 2875 Christo,
908 2840 1070 2868 comun
1099 2828 1290 2879 signore,
1322 2840 1412 2867 non
1441 2827 1636 2878 potiamo
1664 2828 1887 2871 sostenere
1910 2837 1980 2876 pa-

361 2893 651 2933 cientemente
679 2893 840 2933 alcuna
870 2892 1072 2932 molestia
1100 2892 1144 2932 di
1192 2894 1345 2943 queste
1391 2892 1471 2932 che
1500 2892 1683 2931 tolerate
1730 2890 1805 2931 uoi
1843 2890 1979 2930 molto

423 3036 443 3054 a
471 3027 647 3060 diffirenti
672 3036 743 3060 ms.
