<?xml version="1.0" encoding="UTF-8"?>
<!DOCTYPE html PUBLIC "-//W3C//DTD XHTML 1.0 Transitional//EN"
    "http://www.w3.org/TR/xhtml1/DTD/xhtml1-transitional.dtd">
<html xmlns="http://www.w3.org/1999/xhtml" xml:lang="en" lang="en">
 <head>
  <title>
</title>
<meta http-equiv="Content-Type" content="text/html;charset=utf-8" />
  <meta name='ocr-system' content='tesseract 3.04.00' />
  <meta name='ocr-capabilities' content='ocr_page ocr_carea ocr_par ocr_line ocrx_word'/>
</head>
<body>
  <div class='ocr_page' id='page_1' title='image "./litteraequadrime19lain_0178.png"; bbox 0 0 2099 3516; ppageno 0'>
   <div class='ocr_carea' id='block_1_1' title="bbox 0 0 999 2">
    <p class='ocr_par' dir='ltr' id='par_1_1' title="bbox 0 0 999 2">
     <span class='ocr_line' id='line_1_1' title="bbox 0 0 999 2; baseline 0 0"><span class='ocrx_word' id='word_1_1' title='bbox 0 0 999 2; x_wconf 95' lang='lat' dir='ltr'> </span> 
     </span>
    </p>
   </div>
   <div class='ocr_carea' id='block_1_2' title="bbox 373 246 1417 292">
    <p class='ocr_par' dir='ltr' id='par_1_2' title="bbox 373 246 1417 292">
     <span class='ocr_line' id='line_1_2' title="bbox 373 246 1417 292; baseline 0.004 -13"><span class='ocrx_word' id='word_1_2' title='bbox 373 246 435 279; x_wconf 59' lang='lat'>154</span> <span class='ocrx_word' id='word_1_3' title='bbox 837 247 1040 282; x_wconf 72' lang='lat' dir='ltr'>LITTERAE</span> <span class='ocrx_word' id='word_1_4' title='bbox 1075 249 1417 292; x_wconf 57' lang='lat' dir='ltr'>Quaonimmsrizsss</span> 
     </span>
    </p>
   </div>
   <div class='ocr_carea' id='block_1_3' title="bbox 315 361 1935 2673">
    <p class='ocr_par' dir='ltr' id='par_1_3' title="bbox 319 361 1933 670">
     <span class='ocr_line' id='line_1_3' title="bbox 320 361 1932 416; baseline 0.004 -16"><span class='ocrx_word' id='word_1_5' title='bbox 320 361 477 409; x_wconf 87' lang='lat' dir='ltr'>tiones,</span> <span class='ocrx_word' id='word_1_6' title='bbox 522 364 712 402; x_wconf 78' lang='lat' dir='ltr'>obscena</span> <span class='ocrx_word' id='word_1_7' title='bbox 753 364 884 407; x_wconf 78' lang='lat' dir='ltr'>dicta,</span> <span class='ocrx_word' id='word_1_8' title='bbox 929 376 979 403; x_wconf 91' lang='lat' dir='ltr'>ac</span> <span class='ocrx_word' id='word_1_9' title='bbox 1022 365 1067 403; x_wconf 90' lang='lat' dir='ltr'>in</span> <span class='ocrx_word' id='word_1_10' title='bbox 1112 365 1166 414; x_wconf 80' lang='lat' dir='ltr'>ijs</span> <span class='ocrx_word' id='word_1_11' title='bbox 1207 365 1536 411; x_wconf 84' lang='lat' dir='ltr'>uolutabantur,</span> <span class='ocrx_word' id='word_1_12' title='bbox 1568 366 1730 416; x_wconf 84' lang='lat' dir='ltr'>quibus</span> <span class='ocrx_word' id='word_1_13' title='bbox 1760 368 1932 407; x_wconf 92' lang='lat' dir='ltr'>nullum</span> 
     </span>
     <span class='ocr_line' id='line_1_4' title="bbox 321 426 1933 481; baseline 0.004 -17"><span class='ocrx_word' id='word_1_14' title='bbox 321 426 434 464; x_wconf 86' lang='lat' dir='ltr'>inter</span> <span class='ocrx_word' id='word_1_15' title='bbox 475 427 720 466; x_wconf 81' lang='lat' dir='ltr'>custodiam</span> <span class='ocrx_word' id='word_1_16' title='bbox 751 430 793 467; x_wconf 87' lang='lat' dir='ltr'>et</span> <span class='ocrx_word' id='word_1_17' title='bbox 823 429 1011 467; x_wconf 82' lang='lat' dir='ltr'>lustrum</span> <span class='ocrx_word' id='word_1_18' title='bbox 1042 429 1278 468; x_wconf 72' lang='lat' dir='ltr'>discrimen</span> <span class='ocrx_word' id='word_1_19' title='bbox 1307 441 1402 468; x_wconf 87' lang='lat' dir='ltr'>esse</span> <span class='ocrx_word' id='word_1_20' title='bbox 1447 429 1693 470; x_wconf 87' lang='lat' dir='ltr'>uidebatur.</span> <span class='ocrx_word' id='word_1_21' title='bbox 1726 431 1792 470; x_wconf 88' lang='lat' dir='ltr'>Ad</span> <span class='ocrx_word' id='word_1_22' title='bbox 1830 444 1933 481; x_wconf 85' lang='lat' dir='ltr'>pau-</span> 
     </span>
     <span class='ocr_line' id='line_1_5' title="bbox 320 491 1932 543; baseline 0.004 -15"><span class='ocrx_word' id='word_1_23' title='bbox 320 502 471 540; x_wconf 85' lang='lat' dir='ltr'>perum</span> <span class='ocrx_word' id='word_1_24' title='bbox 503 491 697 541; x_wconf 90' lang='lat' dir='ltr'>hospitia</span> <span class='ocrx_word' id='word_1_25' title='bbox 725 504 900 543; x_wconf 89' lang='lat' dir='ltr'>quoque</span> <span class='ocrx_word' id='word_1_26' title='bbox 921 493 1009 532; x_wconf 89' lang='lat' dir='ltr'>duo</span> <span class='ocrx_word' id='word_1_27' title='bbox 1039 495 1194 532; x_wconf 82' lang='lat' dir='ltr'>fratres</span> <span class='ocrx_word' id='word_1_28' title='bbox 1223 494 1278 532; x_wconf 87' lang='lat' dir='ltr'>ad</span> <span class='ocrx_word' id='word_1_29' title='bbox 1307 493 1626 533; x_wconf 87' lang='lat' dir='ltr'>consolandum</span> <span class='ocrx_word' id='word_1_30' title='bbox 1658 495 1932 535; x_wconf 87' lang='lat' dir='ltr'>infirmorum</span> 
     </span>
     <span class='ocr_line' id='line_1_6' title="bbox 319 557 1932 608; baseline 0.004 -15"><span class='ocrx_word' id='word_1_31' title='bbox 319 557 506 603; x_wconf 85' lang='lat' dir='ltr'>coetum,</span> <span class='ocrx_word' id='word_1_32' title='bbox 532 559 729 606; x_wconf 86' lang='lat' dir='ltr'>perorata</span> <span class='ocrx_word' id='word_1_33' title='bbox 759 557 984 603; x_wconf 79' lang='lat' dir='ltr'>concione,</span> <span class='ocrx_word' id='word_1_34' title='bbox 1008 557 1207 607; x_wconf 86' lang='lat' dir='ltr'>dirigunt</span> <span class='ocrx_word' id='word_1_35' title='bbox 1236 558 1339 603; x_wconf 84' lang='lat' dir='ltr'>iter;</span> <span class='ocrx_word' id='word_1_36' title='bbox 1373 558 1447 608; x_wconf 90' lang='lat' dir='ltr'>qui</span> <span class='ocrx_word' id='word_1_37' title='bbox 1470 559 1593 608; x_wconf 87' lang='lat' dir='ltr'>graui</span> <span class='ocrx_word' id='word_1_38' title='bbox 1617 560 1768 598; x_wconf 89' lang='lat' dir='ltr'>morbo</span> <span class='ocrx_word' id='word_1_39' title='bbox 1788 560 1932 599; x_wconf 80' lang='lat' dir='ltr'>affecti</span> 
     </span>
     <span class='ocr_line' id='line_1_7' title="bbox 320 618 1316 670; baseline 0.003 -13"><span class='ocrx_word' id='word_1_40' title='bbox 320 618 524 658; x_wconf 81' lang='lat' dir='ltr'>familiari</span> <span class='ocrx_word' id='word_1_41' title='bbox 558 620 779 670; x_wconf 90' lang='lat' dir='ltr'>colloquio</span> <span class='ocrx_word' id='word_1_42' title='bbox 811 621 1063 670; x_wconf 72' lang='lat' dir='ltr'>resipiscere</span> <span class='ocrx_word' id='word_1_43' title='bbox 1096 621 1316 661; x_wconf 88' lang='lat' dir='ltr'>uidentur.</span> 
     </span>
    </p>

    <p class='ocr_par' dir='ltr' id='par_1_4' title="bbox 315 684 1935 2673">
     <span class='ocr_line' id='line_1_8' title="bbox 399 684 1933 737; baseline 0.003 -15"><span class='ocrx_word' id='word_1_44' title='bbox 399 684 434 722; x_wconf 86' lang='lat'>7.</span> <span class='ocrx_word' id='word_1_45' title='bbox 468 684 593 723; x_wconf 88' lang='lat' dir='ltr'>Nunc</span> <span class='ocrx_word' id='word_1_46' title='bbox 630 685 861 724; x_wconf 88' lang='lat' dir='ltr'>ueniamus</span> <span class='ocrx_word' id='word_1_47' title='bbox 882 685 935 723; x_wconf 87' lang='lat' dir='ltr'>ad</span> <span class='ocrx_word' id='word_1_48' title='bbox 966 685 1067 724; x_wconf 86' lang='lat' dir='ltr'>alia.</span> <span class='ocrx_word' id='word_1_49' title='bbox 1093 685 1351 736; x_wconf 79' lang='lat' dir='ltr'>Complures</span> <span class='ocrx_word' id='word_1_50' title='bbox 1373 686 1602 737; x_wconf 87' lang='lat' dir='ltr'>utriusque</span> <span class='ocrx_word' id='word_1_51' title='bbox 1622 699 1754 727; x_wconf 86' lang='lat' dir='ltr'>sexus</span> <span class='ocrx_word' id='word_1_52' title='bbox 1782 689 1933 727; x_wconf 86' lang='lat' dir='ltr'>crebro</span> 
     </span>
     <span class='ocr_line' id='line_1_9' title="bbox 317 748 1930 803; baseline 0.003 -16"><span class='ocrx_word' id='word_1_53' title='bbox 317 748 372 787; x_wconf 86' lang='lat' dir='ltr'>ad</span> <span class='ocrx_word' id='word_1_54' title='bbox 402 751 601 788; x_wconf 88' lang='lat' dir='ltr'>nostrum</span> <span class='ocrx_word' id='word_1_55' title='bbox 632 751 783 788; x_wconf 80' lang='lat' dir='ltr'>fanum</span> <span class='ocrx_word' id='word_1_56' title='bbox 805 751 1049 796; x_wconf 84' lang='lat' dir='ltr'>confluunt,</span> <span class='ocrx_word' id='word_1_57' title='bbox 1085 762 1173 801; x_wconf 91' lang='lat' dir='ltr'>quo</span> <span class='ocrx_word' id='word_1_58' title='bbox 1203 751 1465 790; x_wconf 76' lang='lat' dir='ltr'>sacramenti</span> <span class='ocrx_word' id='word_1_59' title='bbox 1489 753 1651 791; x_wconf 71' lang='lat' dir='ltr'>altaris</span> <span class='ocrx_word' id='word_1_60' title='bbox 1680 756 1930 803; x_wconf 71' lang='lat' dir='ltr'>sumptione</span> 
     </span>
     <span class='ocr_line' id='line_1_10' title="bbox 317 813 1932 866; baseline 0.003 -15"><span class='ocrx_word' id='word_1_61' title='bbox 317 823 398 851; x_wconf 90' lang='lat' dir='ltr'>sua</span> <span class='ocrx_word' id='word_1_62' title='bbox 444 813 630 852; x_wconf 88' lang='lat' dir='ltr'>crimina</span> <span class='ocrx_word' id='word_1_63' title='bbox 672 813 901 852; x_wconf 88' lang='lat' dir='ltr'>deleantur</span> <span class='ocrx_word' id='word_1_64' title='bbox 939 822 979 853; x_wconf 73' lang='lat' dir='ltr'>a:</span> <span class='ocrx_word' id='word_1_65' title='bbox 1029 814 1220 865; x_wconf 84' lang='lat' dir='ltr'>singulis</span> <span class='ocrx_word' id='word_1_66' title='bbox 1248 815 1273 853; x_wconf 77' lang='lat' dir='ltr'>S</span> <span class='ocrx_word' id='word_1_67' title='bbox 1303 814 1319 839; x_wconf 73' lang='lat'>¹¹</span> <span class='ocrx_word' id='word_1_68' title='bbox 1354 815 1510 855; x_wconf 86' lang='lat' dir='ltr'>diebus</span> <span class='ocrx_word' id='word_1_69' title='bbox 1539 816 1632 866; x_wconf 88' lang='lat' dir='ltr'>alij,</span> <span class='ocrx_word' id='word_1_70' title='bbox 1665 817 1735 856; x_wconf 88' lang='lat' dir='ltr'>uel</span> <span class='ocrx_word' id='word_1_71' title='bbox 1778 818 1932 856; x_wconf 89' lang='lat' dir='ltr'>saltem</span> 
     </span>
     <span class='ocr_line' id='line_1_11' title="bbox 318 877 1933 931; baseline 0.004 -16"><span class='ocrx_word' id='word_1_72' title='bbox 318 877 486 916; x_wconf 88' lang='lat' dir='ltr'>decimo</span> <span class='ocrx_word' id='word_1_73' title='bbox 529 878 685 928; x_wconf 85' lang='lat' dir='ltr'>quinto</span> <span class='ocrx_word' id='word_1_74' title='bbox 727 890 903 928; x_wconf 89' lang='lat' dir='ltr'>quoque</span> <span class='ocrx_word' id='word_1_75' title='bbox 945 878 1014 917; x_wconf 89' lang='lat' dir='ltr'>die</span> <span class='ocrx_word' id='word_1_76' title='bbox 1057 879 1314 929; x_wconf 79' lang='lat' dir='ltr'>angelorum</span> <span class='ocrx_word' id='word_1_77' title='bbox 1359 880 1640 919; x_wconf 87' lang='lat' dir='ltr'>sanctissimo</span> <span class='ocrx_word' id='word_1_78' title='bbox 1670 893 1782 931; x_wconf 90' lang='lat' dir='ltr'>pane</span> <span class='ocrx_word' id='word_1_79' title='bbox 1816 882 1933 921; x_wconf 88' lang='lat' dir='ltr'>refici</span> 
     </span>
     <span class='ocr_line' id='line_1_12' title="bbox 318 941 1934 996; baseline 0.004 -17"><span class='ocrx_word' id='word_1_80' title='bbox 318 941 474 980; x_wconf 90' lang='lat' dir='ltr'>solent.</span> <span class='ocrx_word' id='word_1_81' title='bbox 508 941 591 990; x_wconf 80' lang='lat' dir='ltr'>Qui</span> <span class='ocrx_word' id='word_1_82' title='bbox 636 954 740 981; x_wconf 88' lang='lat' dir='ltr'>uero</span> <span class='ocrx_word' id='word_1_83' title='bbox 784 942 962 992; x_wconf 83' lang='lat' dir='ltr'>longius</span> <span class='ocrx_word' id='word_1_84' title='bbox 1004 942 1051 981; x_wconf 91' lang='lat' dir='ltr'>in</span> <span class='ocrx_word' id='word_1_85' title='bbox 1094 943 1253 992; x_wconf 88' lang='lat' dir='ltr'>spiritu</span> <span class='ocrx_word' id='word_1_86' title='bbox 1284 944 1493 983; x_wconf 89' lang='lat' dir='ltr'>uidentur</span> <span class='ocrx_word' id='word_1_87' title='bbox 1530 945 1741 994; x_wconf 90' lang='lat' dir='ltr'>prouecti,</span> <span class='ocrx_word' id='word_1_88' title='bbox 1778 945 1934 996; x_wconf 89' lang='lat' dir='ltr'>positis</span> 
     </span>
     <span class='ocr_line' id='line_1_13' title="bbox 317 1006 1933 1060; baseline 0.004 -17"><span class='ocrx_word' id='word_1_89' title='bbox 317 1006 499 1044; x_wconf 90' lang='lat' dir='ltr'>omnino</span> <span class='ocrx_word' id='word_1_90' title='bbox 530 1006 575 1044; x_wconf 87' lang='lat' dir='ltr'>in</span> <span class='ocrx_word' id='word_1_91' title='bbox 606 1006 803 1045; x_wconf 88' lang='lat' dir='ltr'>minimis</span> <span class='ocrx_word' id='word_1_92' title='bbox 832 1006 1023 1055; x_wconf 78' lang='lat' dir='ltr'>caducis,</span> <span class='ocrx_word' id='word_1_93' title='bbox 1044 1007 1242 1057; x_wconf 76' lang='lat' dir='ltr'>quotidie</span> <span class='ocrx_word' id='word_1_94' title='bbox 1270 1009 1612 1048; x_wconf 87' lang='lat' dir='ltr'>communicant.</span> <span class='ocrx_word' id='word_1_95' title='bbox 1646 1010 1933 1060; x_wconf 75' lang='lat' dir='ltr'>impresentia</span> 
     </span>
     <span class='ocr_line' id='line_1_14' title="bbox 317 1071 1934 1124; baseline 0.003 -16"><span class='ocrx_word' id='word_1_96' title='bbox 317 1071 457 1109; x_wconf 86' lang='lat' dir='ltr'>satius</span> <span class='ocrx_word' id='word_1_97' title='bbox 500 1082 595 1109; x_wconf 86' lang='lat' dir='ltr'>esse</span> <span class='ocrx_word' id='word_1_98' title='bbox 638 1082 734 1109; x_wconf 89' lang='lat' dir='ltr'>reor</span> <span class='ocrx_word' id='word_1_99' title='bbox 762 1082 786 1109; x_wconf 92' lang='lat' dir='ltr'>a</span> <span class='ocrx_word' id='word_1_100' title='bbox 817 1071 1041 1110; x_wconf 86' lang='lat' dir='ltr'>laudanda</span> <span class='ocrx_word' id='word_1_101' title='bbox 1071 1080 1084 1097; x_wconf 62' lang='lat'><strong>0</strong></span> <span class='ocrx_word' id='word_1_102' title='bbox 1128 1072 1343 1122; x_wconf 83' lang='lat' dir='ltr'>probitate</span> <span class='ocrx_word' id='word_1_103' title='bbox 1373 1073 1623 1123; x_wconf 88' lang='lat' dir='ltr'>aliquorum</span> <span class='ocrx_word' id='word_1_104' title='bbox 1654 1074 1730 1124; x_wconf 91' lang='lat' dir='ltr'>qui</span> <span class='ocrx_word' id='word_1_105' title='bbox 1760 1085 1806 1113; x_wconf 89' lang='lat' dir='ltr'>se</span> <span class='ocrx_word' id='word_1_106' title='bbox 1835 1075 1934 1113; x_wconf 87' lang='lat' dir='ltr'>obe-</span> 
     </span>
     <span class='ocr_line' id='line_1_15' title="bbox 317 1134 1930 1188; baseline 0.004 -16"><span class='ocrx_word' id='word_1_107' title='bbox 317 1134 508 1173; x_wconf 87' lang='lat' dir='ltr'>dientiae</span> <span class='ocrx_word' id='word_1_108' title='bbox 550 1135 771 1174; x_wconf 78' lang='lat' dir='ltr'>credidere</span> <span class='ocrx_word' id='word_1_109' title='bbox 815 1136 1099 1186; x_wconf 90' lang='lat' dir='ltr'>supersedere</span> <span class='ocrx_word' id='word_1_110' title='bbox 1132 1135 1166 1183; x_wconf 67' lang='lat'>(¹,</span> <span class='ocrx_word' id='word_1_111' title='bbox 1193 1148 1325 1187; x_wconf 89' lang='lat' dir='ltr'>quam</span> <span class='ocrx_word' id='word_1_112' title='bbox 1370 1137 1422 1176; x_wconf 91' lang='lat' dir='ltr'>de</span> <span class='ocrx_word' id='word_1_113' title='bbox 1459 1149 1509 1176; x_wconf 88' lang='lat' dir='ltr'>ea</span> <span class='ocrx_word' id='word_1_114' title='bbox 1549 1138 1737 1177; x_wconf 88' lang='lat' dir='ltr'>scribere</span> <span class='ocrx_word' id='word_1_115' title='bbox 1780 1150 1930 1188; x_wconf 88' lang='lat' dir='ltr'>parce:</span> 
     </span>
     <span class='ocr_line' id='line_1_16' title="bbox 317 1200 1933 1250; baseline 0.003 -13"><span class='ocrx_word' id='word_1_116' title='bbox 317 1200 381 1237; x_wconf 91' lang='lat' dir='ltr'>sat</span> <span class='ocrx_word' id='word_1_117' title='bbox 413 1210 753 1239; x_wconf 88' lang='lat' dir='ltr'>commemorare</span> <span class='ocrx_word' id='word_1_118' title='bbox 782 1200 941 1250; x_wconf 83' lang='lat' dir='ltr'>opinor</span> <span class='ocrx_word' id='word_1_119' title='bbox 970 1200 1103 1240; x_wconf 89' lang='lat' dir='ltr'>unius</span> <span class='ocrx_word' id='word_1_120' title='bbox 1126 1201 1335 1240; x_wconf 87' lang='lat' dir='ltr'>uirtutem</span> <span class='ocrx_word' id='word_1_121' title='bbox 1365 1202 1574 1241; x_wconf 87' lang='lat' dir='ltr'>omnibus</span> <span class='ocrx_word' id='word_1_122' title='bbox 1604 1202 1788 1242; x_wconf 89' lang='lat' dir='ltr'>fortasse</span> <span class='ocrx_word' id='word_1_123' title='bbox 1817 1215 1933 1242; x_wconf 89' lang='lat' dir='ltr'>com-</span> 
     </span>
     <span class='ocr_line' id='line_1_17' title="bbox 318 1263 1934 1318; baseline 0.004 -17"><span class='ocrx_word' id='word_1_124' title='bbox 318 1263 441 1302; x_wconf 90' lang='lat' dir='ltr'>muni</span> <span class='ocrx_word' id='word_1_125' title='bbox 471 1263 680 1314; x_wconf 90' lang='lat' dir='ltr'>opinione</span> <span class='ocrx_word' id='word_1_126' title='bbox 710 1265 1002 1315; x_wconf 87' lang='lat' dir='ltr'>praestantis:</span> <span class='ocrx_word' id='word_1_127' title='bbox 1035 1266 1216 1316; x_wconf 90' lang='lat' dir='ltr'>optimis</span> <span class='ocrx_word' id='word_1_128' title='bbox 1244 1266 1406 1305; x_wconf 88' lang='lat' dir='ltr'>etenim</span> <span class='ocrx_word' id='word_1_129' title='bbox 1436 1267 1687 1318; x_wconf 83' lang='lat' dir='ltr'>quibusque</span> <span class='ocrx_word' id='word_1_130' title='bbox 1725 1268 1778 1306; x_wconf 86' lang='lat' dir='ltr'>ad</span> <span class='ocrx_word' id='word_1_131' title='bbox 1811 1268 1934 1307; x_wconf 86' lang='lat' dir='ltr'>beate</span> 
     </span>
     <span class='ocr_line' id='line_1_18' title="bbox 318 1328 1930 1381; baseline 0.004 -15"><span class='ocrx_word' id='word_1_132' title='bbox 318 1328 561 1368; x_wconf 90' lang='lat' dir='ltr'>uiuendum</span> <span class='ocrx_word' id='word_1_133' title='bbox 604 1329 906 1379; x_wconf 89' lang='lat' dir='ltr'>aspirantibus</span> <span class='ocrx_word' id='word_1_134' title='bbox 950 1330 996 1369; x_wconf 88' lang='lat' dir='ltr'>in</span> <span class='ocrx_word' id='word_1_135' title='bbox 1039 1330 1181 1381; x_wconf 89' lang='lat' dir='ltr'>ipsum</span> <span class='ocrx_word' id='word_1_136' title='bbox 1225 1343 1361 1370; x_wconf 89' lang='lat' dir='ltr'>unum</span> <span class='ocrx_word' id='word_1_137' title='bbox 1391 1331 1543 1370; x_wconf 89' lang='lat' dir='ltr'>oculos</span> <span class='ocrx_word' id='word_1_138' title='bbox 1571 1332 1788 1381; x_wconf 86' lang='lat' dir='ltr'>conijcere</span> <span class='ocrx_word' id='word_1_139' title='bbox 1817 1332 1930 1372; x_wconf 91' lang='lat' dir='ltr'>licet.</span> 
     </span>
     <span class='ocr_line' id='line_1_19' title="bbox 317 1392 1933 1443; baseline 0.003 -12"><span class='ocrx_word' id='word_1_140' title='bbox 317 1392 578 1443; x_wconf 81' lang='lat' dir='ltr'>Quanquam</span> <span class='ocrx_word' id='word_1_141' title='bbox 600 1394 787 1432; x_wconf 90' lang='lat' dir='ltr'>obscuro</span> <span class='ocrx_word' id='word_1_142' title='bbox 809 1393 904 1433; x_wconf 93' lang='lat' dir='ltr'>loco</span> <span class='ocrx_word' id='word_1_143' title='bbox 925 1394 982 1433; x_wconf 91' lang='lat' dir='ltr'>sit</span> <span class='ocrx_word' id='word_1_144' title='bbox 1002 1396 1148 1441; x_wconf 89' lang='lat' dir='ltr'>natus,</span> <span class='ocrx_word' id='word_1_145' title='bbox 1172 1407 1274 1434; x_wconf 90' lang='lat' dir='ltr'>nam</span> <span class='ocrx_word' id='word_1_146' title='bbox 1297 1395 1417 1434; x_wconf 88' lang='lat' dir='ltr'>faber</span> <span class='ocrx_word' id='word_1_147' title='bbox 1446 1395 1621 1443; x_wconf 88' lang='lat' dir='ltr'>dicitur,</span> <span class='ocrx_word' id='word_1_148' title='bbox 1646 1399 1933 1436; x_wconf 82' lang='lat' dir='ltr'>ueruntamen</span> 
     </span>
     <span class='ocr_line' id='line_1_20' title="bbox 316 1457 1935 1511; baseline 0.003 -16"><span class='ocrx_word' id='word_1_149' title='bbox 316 1457 621 1505; x_wconf 85' lang='lat' dir='ltr'>admirabilem</span> <span class='ocrx_word' id='word_1_150' title='bbox 652 1470 755 1508; x_wconf 86' lang='lat' dir='ltr'>prae</span> <span class='ocrx_word' id='word_1_151' title='bbox 784 1458 863 1497; x_wconf 89' lang='lat' dir='ltr'>Dei</span> <span class='ocrx_word' id='word_1_152' title='bbox 892 1461 1130 1509; x_wconf 88' lang='lat' dir='ltr'>conspectu</span> <span class='ocrx_word' id='word_1_153' title='bbox 1159 1460 1494 1511; x_wconf 83' lang='lat' dir='ltr'>preciosumque</span> <span class='ocrx_word' id='word_1_154' title='bbox 1518 1460 1736 1501; x_wconf 90' lang='lat' dir='ltr'>ducimus.</span> <span class='ocrx_word' id='word_1_155' title='bbox 1769 1461 1935 1500; x_wconf 88' lang='lat' dir='ltr'>Preter-</span> 
     </span>
     <span class='ocr_line' id='line_1_21' title="bbox 318 1522 1931 1576; baseline 0.003 -16"><span class='ocrx_word' id='word_1_156' title='bbox 318 1522 443 1561; x_wconf 88' lang='lat' dir='ltr'>mitto</span> <span class='ocrx_word' id='word_1_157' title='bbox 476 1522 604 1561; x_wconf 91' lang='lat' dir='ltr'>modo</span> <span class='ocrx_word' id='word_1_158' title='bbox 647 1523 945 1562; x_wconf 79' lang='lat' dir='ltr'>humilitatem</span> <span class='ocrx_word' id='word_1_159' title='bbox 988 1524 1098 1567; x_wconf 82' lang='lat' dir='ltr'>eius,</span> <span class='ocrx_word' id='word_1_160' title='bbox 1131 1536 1242 1575; x_wconf 88' lang='lat' dir='ltr'>quae</span> <span class='ocrx_word' id='word_1_161' title='bbox 1273 1524 1463 1564; x_wconf 84' lang='lat' dir='ltr'>maxime</span> <span class='ocrx_word' id='word_1_162' title='bbox 1491 1527 1636 1576; x_wconf 80' lang='lat' dir='ltr'>egeret</span> <span class='ocrx_word' id='word_1_163' title='bbox 1665 1526 1931 1573; x_wconf 76' lang='lat' dir='ltr'>narratione,</span> 
     </span>
     <span class='ocr_line' id='line_1_22' title="bbox 317 1587 1933 1640; baseline 0.003 -15"><span class='ocrx_word' id='word_1_164' title='bbox 317 1587 393 1625; x_wconf 88' lang='lat' dir='ltr'>sed</span> <span class='ocrx_word' id='word_1_165' title='bbox 414 1587 644 1626; x_wconf 88' lang='lat' dir='ltr'>dumtaxat</span> <span class='ocrx_word' id='word_1_166' title='bbox 668 1588 1041 1638; x_wconf 86' lang='lat' dir='ltr'>promptissimam</span> <span class='ocrx_word' id='word_1_167' title='bbox 1072 1589 1366 1628; x_wconf 83' lang='lat' dir='ltr'>obedientiam</span> <span class='ocrx_word' id='word_1_168' title='bbox 1397 1589 1732 1640; x_wconf 87' lang='lat' dir='ltr'>significandam</span> <span class='ocrx_word' id='word_1_169' title='bbox 1765 1590 1811 1630; x_wconf 88' lang='lat' dir='ltr'>P.</span> <span class='ocrx_word' id='word_1_170' title='bbox 1833 1593 1933 1630; x_wconf 87' lang='lat' dir='ltr'>tuae</span> 
     </span>
     <span class='ocr_line' id='line_1_23' title="bbox 316 1651 1934 1705; baseline 0.002 -15"><span class='ocrx_word' id='word_1_171' title='bbox 316 1652 495 1701; x_wconf 70' lang='lat' dir='ltr'>putaui,</span> <span class='ocrx_word' id='word_1_172' title='bbox 529 1651 575 1691; x_wconf 89' lang='lat' dir='ltr'>in</span> <span class='ocrx_word' id='word_1_173' title='bbox 605 1664 693 1702; x_wconf 91' lang='lat' dir='ltr'>qua</span> <span class='ocrx_word' id='word_1_174' title='bbox 722 1653 830 1692; x_wconf 90' lang='lat' dir='ltr'>adeo</span> <span class='ocrx_word' id='word_1_175' title='bbox 862 1653 1024 1692; x_wconf 86' lang='lat' dir='ltr'>infixus</span> <span class='ocrx_word' id='word_1_176' title='bbox 1056 1653 1246 1701; x_wconf 90' lang='lat' dir='ltr'>uidetur,</span> <span class='ocrx_word' id='word_1_177' title='bbox 1279 1656 1326 1692; x_wconf 91' lang='lat' dir='ltr'>ut</span> <span class='ocrx_word' id='word_1_178' title='bbox 1363 1654 1690 1705; x_wconf 90' lang='lat' dir='ltr'>qualiacunque</span> <span class='ocrx_word' id='word_1_179' title='bbox 1727 1655 1934 1705; x_wconf 86' lang='lat' dir='ltr'>quamuis</span> 
     </span>
     <span class='ocr_line' id='line_1_24' title="bbox 316 1716 1933 1770; baseline 0.002 -16"><span class='ocrx_word' id='word_1_180' title='bbox 316 1716 547 1766; x_wconf 78' lang='lat' dir='ltr'>perardua,</span> <span class='ocrx_word' id='word_1_181' title='bbox 570 1717 701 1756; x_wconf 83' lang='lat' dir='ltr'>hilari</span> <span class='ocrx_word' id='word_1_182' title='bbox 732 1717 882 1756; x_wconf 90' lang='lat' dir='ltr'>animo</span> <span class='ocrx_word' id='word_1_183' title='bbox 903 1718 1051 1757; x_wconf 86' lang='lat' dir='ltr'>subire.</span> <span class='ocrx_word' id='word_1_184' title='bbox 1082 1718 1263 1757; x_wconf 90' lang='lat' dir='ltr'>minime</span> <span class='ocrx_word' id='word_1_185' title='bbox 1284 1721 1453 1757; x_wconf 88' lang='lat' dir='ltr'>recuset</span> <span class='ocrx_word' id='word_1_186' title='bbox 1486 1727 1516 1758; x_wconf 55' lang='grc' dir='ltr'>θ.</span> <span class='ocrx_word' id='word_1_187' title='bbox 1550 1719 1721 1758; x_wconf 87' lang='lat' dir='ltr'>Accidit</span> <span class='ocrx_word' id='word_1_188' title='bbox 1741 1719 1933 1770; x_wconf 88' lang='lat' dir='ltr'>quadam</span> 
     </span>
     <span class='ocr_line' id='line_1_25' title="bbox 316 1780 1930 1834; baseline 0.003 -15"><span class='ocrx_word' id='word_1_189' title='bbox 316 1780 400 1829; x_wconf 91' lang='lat' dir='ltr'>die,</span> <span class='ocrx_word' id='word_1_190' title='bbox 424 1781 626 1820; x_wconf 90' lang='lat' dir='ltr'>mirabile</span> <span class='ocrx_word' id='word_1_191' title='bbox 647 1781 782 1827; x_wconf 91' lang='lat' dir='ltr'>dictu,</span> <span class='ocrx_word' id='word_1_192' title='bbox 805 1783 924 1832; x_wconf 90' lang='lat' dir='ltr'>quod</span> <span class='ocrx_word' id='word_1_193' title='bbox 944 1783 1057 1822; x_wconf 90' lang='lat' dir='ltr'>duos</span> <span class='ocrx_word' id='word_1_194' title='bbox 1079 1794 1213 1833; x_wconf 89' lang='lat' dir='ltr'>panes</span> <span class='ocrx_word' id='word_1_195' title='bbox 1234 1783 1411 1822; x_wconf 84' lang='lat' dir='ltr'>dederat</span> <span class='ocrx_word' id='word_1_196' title='bbox 1433 1783 1634 1834; x_wconf 90' lang='lat' dir='ltr'>emptori,</span> <span class='ocrx_word' id='word_1_197' title='bbox 1653 1784 1781 1834; x_wconf 87' lang='lat' dir='ltr'>quasi</span> <span class='ocrx_word' id='word_1_198' title='bbox 1804 1786 1930 1826; x_wconf 81' lang='lat' dir='ltr'>recte.</span> 
     </span>
     <span class='ocr_line' id='line_1_26' title="bbox 316 1846 1934 1900; baseline 0.002 -16"><span class='ocrx_word' id='word_1_199' title='bbox 316 1857 369 1884; x_wconf 88' lang='lat' dir='ltr'>ne</span> <span class='ocrx_word' id='word_1_200' title='bbox 399 1846 580 1885; x_wconf 84' lang='lat' dir='ltr'>sentiret</span> <span class='ocrx_word' id='word_1_201' title='bbox 611 1847 739 1886; x_wconf 89' lang='lat' dir='ltr'>Pater</span> <span class='ocrx_word' id='word_1_202' title='bbox 768 1847 940 1894; x_wconf 83' lang='lat' dir='ltr'>Rector,</span> <span class='ocrx_word' id='word_1_203' title='bbox 971 1860 996 1887; x_wconf 92' lang='lat' dir='ltr'>a</span> <span class='ocrx_word' id='word_1_204' title='bbox 1025 1860 1113 1898; x_wconf 91' lang='lat' dir='ltr'>quo</span> <span class='ocrx_word' id='word_1_205' title='bbox 1152 1847 1317 1887; x_wconf 89' lang='lat' dir='ltr'>uetitus</span> <span class='ocrx_word' id='word_1_206' title='bbox 1346 1851 1436 1888; x_wconf 90' lang='lat' dir='ltr'>erat</span> <span class='ocrx_word' id='word_1_207' title='bbox 1468 1861 1521 1887; x_wconf 90' lang='lat' dir='ltr'>ne</span> <span class='ocrx_word' id='word_1_208' title='bbox 1551 1849 1759 1899; x_wconf 89' lang='lat' dir='ltr'>exiguum</span> <span class='ocrx_word' id='word_1_209' title='bbox 1803 1850 1815 1875; x_wconf 80' lang='lat' dir='ltr'>f</span> <span class='ocrx_word' id='word_1_210' title='bbox 1838 1849 1934 1900; x_wconf 89' lang='lat' dir='ltr'>qui-</span> 
     </span>
     <span class='ocr_line' id='line_1_27' title="bbox 315 1911 1930 1964; baseline 0.002 -15"><span class='ocrx_word' id='word_1_211' title='bbox 315 1911 413 1949; x_wconf 88' lang='lat' dir='ltr'>dem</span> <span class='ocrx_word' id='word_1_212' title='bbox 443 1923 621 1959; x_wconf 90' lang='lat' dir='ltr'>munus,</span> <span class='ocrx_word' id='word_1_213' title='bbox 658 1912 819 1951; x_wconf 91' lang='lat' dir='ltr'>nedum</span> <span class='ocrx_word' id='word_1_214' title='bbox 850 1924 1059 1963; x_wconf 85' lang='lat' dir='ltr'>magnum</span> <span class='ocrx_word' id='word_1_215' title='bbox 1090 1912 1264 1952; x_wconf 80' lang='lat' dir='ltr'>afferret</span> <span class='ocrx_word' id='word_1_216' title='bbox 1293 1913 1347 1952; x_wconf 90' lang='lat' dir='ltr'>ad</span> <span class='ocrx_word' id='word_1_217' title='bbox 1377 1913 1626 1964; x_wconf 80' lang='lat' dir='ltr'>collegium.</span> <span class='ocrx_word' id='word_1_218' title='bbox 1660 1914 1707 1953; x_wconf 86' lang='lat' dir='ltr'>ld</span> <span class='ocrx_word' id='word_1_219' title='bbox 1743 1914 1930 1964; x_wconf 84' lang='lat' dir='ltr'>uesperi,</span> 
     </span>
     <span class='ocr_line' id='line_1_28' title="bbox 316 1975 1931 2023; baseline 0.002 -10"><span class='ocrx_word' id='word_1_220' title='bbox 316 1975 430 2014; x_wconf 90' lang='lat' dir='ltr'>sicut.</span> <span class='ocrx_word' id='word_1_221' title='bbox 460 1976 540 2014; x_wconf 83' lang='lat' dir='ltr'>fert</span> <span class='ocrx_word' id='word_1_222' title='bbox 583 1976 871 2023; x_wconf 80' lang='lat' dir='ltr'>consuetudo,</span> <span class='ocrx_word' id='word_1_223' title='bbox 904 1977 1023 2016; x_wconf 87' lang='lat' dir='ltr'>Patri</span> <span class='ocrx_word' id='word_1_224' title='bbox 1067 1977 1319 2023; x_wconf 89' lang='lat' dir='ltr'>nunciatur,</span> <span class='ocrx_word' id='word_1_225' title='bbox 1352 1989 1479 2017; x_wconf 87' lang='lat' dir='ltr'>mane</span> <span class='ocrx_word' id='word_1_226' title='bbox 1524 1980 1716 2018; x_wconf 66' lang='lat' dir='ltr'>ludibrio</span> <span class='ocrx_word' id='word_1_227' title='bbox 1760 1978 1931 2017; x_wconf 80' lang='lat' dir='ltr'>fabrum</span> 
     </span>
     <span class='ocr_line' id='line_1_29' title="bbox 316 2039 1931 2091; baseline 0.002 -13"><span class='ocrx_word' id='word_1_228' title='bbox 316 2039 500 2079; x_wconf 88' lang='lat' dir='ltr'>biduum</span> <span class='ocrx_word' id='word_1_229' title='bbox 544 2041 669 2079; x_wconf 90' lang='lat' dir='ltr'>edere</span> <span class='ocrx_word' id='word_1_230' title='bbox 710 2043 843 2091; x_wconf 61' lang='lat' dir='ltr'>negat</span> <span class='ocrx_word' id='word_1_231' title='bbox 875 2048 906 2089; x_wconf 67' lang='grc' dir='ltr'>ἓ,</span> <span class='ocrx_word' id='word_1_232' title='bbox 937 2041 1106 2080; x_wconf 89' lang='lat' dir='ltr'>decedit</span> <span class='ocrx_word' id='word_1_233' title='bbox 1149 2041 1313 2085; x_wconf 83' lang='lat' dir='ltr'>laetus;</span> <span class='ocrx_word' id='word_1_234' title='bbox 1347 2042 1481 2081; x_wconf 89' lang='lat' dir='ltr'>biduo</span> <span class='ocrx_word' id='word_1_235' title='bbox 1512 2042 1572 2081; x_wconf 90' lang='lat' dir='ltr'>ita</span> <span class='ocrx_word' id='word_1_236' title='bbox 1611 2042 1802 2082; x_wconf 90' lang='lat' dir='ltr'>inediam</span> <span class='ocrx_word' id='word_1_237' title='bbox 1837 2055 1931 2082; x_wconf 89' lang='lat' dir='ltr'>sus-</span> 
     </span>
     <span class='ocr_line' id='line_1_30' title="bbox 316 2105 1931 2158; baseline 0.002 -15"><span class='ocrx_word' id='word_1_238' title='bbox 316 2105 464 2149; x_wconf 82' lang='lat' dir='ltr'>tinuit,</span> <span class='ocrx_word' id='word_1_239' title='bbox 508 2107 554 2144; x_wconf 87' lang='lat' dir='ltr'>ut</span> <span class='ocrx_word' id='word_1_240' title='bbox 602 2106 715 2144; x_wconf 87' lang='lat' dir='ltr'>nihil</span> <span class='ocrx_word' id='word_1_241' title='bbox 754 2106 994 2156; x_wconf 88' lang='lat' dir='ltr'>sumpserit</span> <span class='ocrx_word' id='word_1_242' title='bbox 1035 2106 1137 2150; x_wconf 79' lang='lat' dir='ltr'>cibi,</span> <span class='ocrx_word' id='word_1_243' title='bbox 1183 2107 1259 2145; x_wconf 89' lang='lat' dir='ltr'>sed</span> <span class='ocrx_word' id='word_1_244' title='bbox 1302 2107 1535 2157; x_wconf 89' lang='lat' dir='ltr'>nequidem</span> <span class='ocrx_word' id='word_1_245' title='bbox 1580 2119 1719 2158; x_wconf 89' lang='lat' dir='ltr'>aquae</span> <span class='ocrx_word' id='word_1_246' title='bbox 1762 2109 1931 2158; x_wconf 86' lang='lat' dir='ltr'>guttam</span> 
     </span>
     <span class='ocr_line' id='line_1_31' title="bbox 315 2169 1933 2222; baseline 0.001 -14"><span class='ocrx_word' id='word_1_247' title='bbox 315 2169 630 2220; x_wconf 86' lang='lat' dir='ltr'>degustauerit.</span> <span class='ocrx_word' id='word_1_248' title='bbox 665 2170 715 2209; x_wconf 88' lang='lat' dir='ltr'>Et</span> <span class='ocrx_word' id='word_1_249' title='bbox 745 2170 827 2209; x_wconf 86' lang='lat' dir='ltr'>hoc</span> <span class='ocrx_word' id='word_1_250' title='bbox 848 2170 1096 2221; x_wconf 83' lang='lat' dir='ltr'>grauiorem</span> <span class='ocrx_word' id='word_1_251' title='bbox 1128 2171 1319 2209; x_wconf 87' lang='lat' dir='ltr'>inediam</span> <span class='ocrx_word' id='word_1_252' title='bbox 1351 2171 1487 2210; x_wconf 84' lang='lat' dir='ltr'>tuisse</span> <span class='ocrx_word' id='word_1_253' title='bbox 1517 2173 1702 2218; x_wconf 86' lang='lat' dir='ltr'>constat,</span> <span class='ocrx_word' id='word_1_254' title='bbox 1726 2183 1813 2222; x_wconf 89' lang='lat' dir='ltr'>quo</span> <span class='ocrx_word' id='word_1_255' title='bbox 1842 2183 1933 2210; x_wconf 82' lang='lat' dir='ltr'>cor-</span> 
     </span>
     <span class='ocr_line' id='line_1_32' title="bbox 317 2234 1933 2285; baseline 0.001 -12"><span class='ocrx_word' id='word_1_256' title='bbox 317 2234 436 2284; x_wconf 88' lang='lat' dir='ltr'>poris</span> <span class='ocrx_word' id='word_1_257' title='bbox 479 2235 680 2285; x_wconf 87' lang='lat' dir='ltr'>ingratus</span> <span class='ocrx_word' id='word_1_258' title='bbox 726 2235 851 2274; x_wconf 91' lang='lat' dir='ltr'>labor</span> <span class='ocrx_word' id='word_1_259' title='bbox 897 2235 1097 2274; x_wconf 83' lang='lat' dir='ltr'>extiterat</span> <span class='ocrx_word' id='word_1_260' title='bbox 1141 2235 1416 2281; x_wconf 72' lang='lat' dir='ltr'>diuturnior3</span> <span class='ocrx_word' id='word_1_261' title='bbox 1461 2236 1706 2275; x_wconf 88' lang='lat' dir='ltr'>conductus</span> <span class='ocrx_word' id='word_1_262' title='bbox 1752 2236 1869 2275; x_wconf 88' lang='lat' dir='ltr'>enim</span> <span class='ocrx_word' id='word_1_263' title='bbox 1908 2248 1933 2274; x_wconf 93' lang='lat' dir='ltr'>a</span> 
     </span>
     <span class='ocr_line' id='line_1_33' title="bbox 316 2299 1934 2351; baseline 0.001 -13"><span class='ocrx_word' id='word_1_264' title='bbox 316 2299 458 2349; x_wconf 89' lang='lat' dir='ltr'>primo</span> <span class='ocrx_word' id='word_1_265' title='bbox 488 2311 616 2338; x_wconf 88' lang='lat' dir='ltr'>mane</span> <span class='ocrx_word' id='word_1_266' title='bbox 645 2300 700 2339; x_wconf 86' lang='lat' dir='ltr'>ad</span> <span class='ocrx_word' id='word_1_267' title='bbox 730 2312 986 2350; x_wconf 87' lang='lat' dir='ltr'>supremum</span> <span class='ocrx_word' id='word_1_268' title='bbox 1031 2312 1169 2350; x_wconf 88' lang='lat' dir='ltr'>usque</span> <span class='ocrx_word' id='word_1_269' title='bbox 1212 2301 1349 2339; x_wconf 89' lang='lat' dir='ltr'>solem</span> <span class='ocrx_word' id='word_1_270' title='bbox 1394 2301 1575 2340; x_wconf 84' lang='lat' dir='ltr'>assiduo</span> <span class='ocrx_word' id='word_1_271' title='bbox 1609 2301 1934 2351; x_wconf 88' lang='lat' dir='ltr'>defatigabatur</span> 
     </span>
     <span class='ocr_line' id='line_1_34' title="bbox 315 2363 1931 2415; baseline 0.001 -13"><span class='ocrx_word' id='word_1_272' title='bbox 315 2364 464 2403; x_wconf 91' lang='lat' dir='ltr'>labore</span> <span class='ocrx_word' id='word_1_273' title='bbox 496 2363 527 2403; x_wconf 77' lang='lat'>¹¹.</span> <span class='ocrx_word' id='word_1_274' title='bbox 561 2364 667 2403; x_wconf 76' lang='lat' dir='ltr'>Ecce</span> <span class='ocrx_word' id='word_1_275' title='bbox 697 2365 832 2404; x_wconf 87' lang='lat' dir='ltr'>biduo</span> <span class='ocrx_word' id='word_1_276' title='bbox 864 2367 960 2415; x_wconf 91' lang='lat' dir='ltr'>post</span> <span class='ocrx_word' id='word_1_277' title='bbox 982 2365 1151 2404; x_wconf 89' lang='lat' dir='ltr'>Patrem</span> <span class='ocrx_word' id='word_1_278' title='bbox 1186 2365 1340 2404; x_wconf 88' lang='lat' dir='ltr'>reuisit</span> <span class='ocrx_word' id='word_1_279' title='bbox 1370 2366 1513 2404; x_wconf 88' lang='lat' dir='ltr'>bonus</span> <span class='ocrx_word' id='word_1_280' title='bbox 1539 2365 1621 2411; x_wconf 91' lang='lat' dir='ltr'>uir,</span> <span class='ocrx_word' id='word_1_281' title='bbox 1647 2365 1931 2415; x_wconf 88' lang='lat' dir='ltr'>penitentiam</span> 
     </span>
     <span class='ocr_line' id='line_1_35' title="bbox 316 2428 1931 2479; baseline 0.001 -13"><span class='ocrx_word' id='word_1_282' title='bbox 316 2428 458 2473; x_wconf 85' lang='lat' dir='ltr'>refert,</span> <span class='ocrx_word' id='word_1_283' title='bbox 482 2441 594 2479; x_wconf 90' lang='lat' dir='ltr'>quae</span> <span class='ocrx_word' id='word_1_284' title='bbox 625 2429 754 2479; x_wconf 87' lang='lat' dir='ltr'>longe</span> <span class='ocrx_word' id='word_1_285' title='bbox 785 2429 924 2468; x_wconf 87' lang='lat' dir='ltr'>maior</span> <span class='ocrx_word' id='word_1_286' title='bbox 953 2429 1036 2468; x_wconf 89' lang='lat' dir='ltr'>fuit</span> <span class='ocrx_word' id='word_1_287' title='bbox 1056 2429 1200 2479; x_wconf 87' lang='lat' dir='ltr'>culpa,</span> <span class='ocrx_word' id='word_1_288' title='bbox 1226 2431 1354 2479; x_wconf 91' lang='lat' dir='ltr'>prout</span> <span class='ocrx_word' id='word_1_289' title='bbox 1389 2429 1531 2479; x_wconf 87' lang='lat' dir='ltr'>potuit</span> <span class='ocrx_word' id='word_1_290' title='bbox 1559 2441 1606 2470; x_wconf 88' lang='lat' dir='ltr'>se</span> <span class='ocrx_word' id='word_1_291' title='bbox 1626 2429 1782 2479; x_wconf 88' lang='lat' dir='ltr'>egisse.</span> <span class='ocrx_word' id='word_1_292' title='bbox 1808 2429 1931 2468; x_wconf 88' lang='lat' dir='ltr'>Hanc</span> 
     </span>
     <span class='ocr_line' id='line_1_36' title="bbox 315 2493 1931 2545; baseline 0.001 -14"><span class='ocrx_word' id='word_1_293' title='bbox 315 2493 558 2543; x_wconf 89' lang='lat' dir='ltr'>simplicem</span> <span class='ocrx_word' id='word_1_294' title='bbox 589 2493 884 2532; x_wconf 89' lang='lat' dir='ltr'>obedientiam</span> <span class='ocrx_word' id='word_1_295' title='bbox 916 2493 1160 2532; x_wconf 88' lang='lat' dir='ltr'>admiratus</span> <span class='ocrx_word' id='word_1_296' title='bbox 1182 2494 1310 2532; x_wconf 86' lang='lat' dir='ltr'>Pater</span> <span class='ocrx_word' id='word_1_297' title='bbox 1329 2506 1351 2532; x_wconf 93' lang='lat' dir='ltr'>e</span> <span class='ocrx_word' id='word_1_298' title='bbox 1375 2494 1562 2545; x_wconf 87' lang='lat' dir='ltr'>uestigio</span> <span class='ocrx_word' id='word_1_299' title='bbox 1592 2494 1851 2533; x_wconf 84' lang='lat' dir='ltr'>discolorem</span> <span class='ocrx_word' id='word_1_300' title='bbox 1882 2505 1931 2532; x_wconf 88' lang='lat' dir='ltr'>ac</span> 
     </span>
     <span class='ocr_line' id='line_1_37' title="bbox 315 2557 1931 2608; baseline 0.001 -13"><span class='ocrx_word' id='word_1_301' title='bbox 315 2557 579 2596; x_wconf 87' lang='lat' dir='ltr'>titubantem</span> <span class='ocrx_word' id='word_1_302' title='bbox 622 2571 842 2597; x_wconf 70' lang='lat' dir='ltr'>comesum</span> <span class='ocrx_word' id='word_1_303' title='bbox 882 2557 888 2582; x_wconf 67' lang='lat'>³</span> <span class='ocrx_word' id='word_1_304' title='bbox 923 2558 983 2596; x_wconf 89' lang='lat' dir='ltr'>ire</span> <span class='ocrx_word' id='word_1_305' title='bbox 1028 2558 1161 2596; x_wconf 90' lang='lat' dir='ltr'>iubet.</span> <span class='ocrx_word' id='word_1_306' title='bbox 1195 2558 1320 2597; x_wconf 88' lang='lat' dir='ltr'>Alias</span> <span class='ocrx_word' id='word_1_307' title='bbox 1364 2558 1584 2597; x_wconf 85' lang='lat' dir='ltr'>reficiente</span> <span class='ocrx_word' id='word_1_308' title='bbox 1623 2558 1719 2608; x_wconf 90' lang='lat' dir='ltr'>ipso</span> <span class='ocrx_word' id='word_1_309' title='bbox 1755 2558 1931 2608; x_wconf 78' lang='lat' dir='ltr'>lastigia</span> 
     </span>
     <span class='ocr_line' id='line_1_38' title="bbox 315 2622 1931 2673; baseline 0.001 -13"><span class='ocrx_word' id='word_1_310' title='bbox 315 2622 427 2671; x_wconf 87' lang='lat' dir='ltr'>tecti,</span> <span class='ocrx_word' id='word_1_311' title='bbox 458 2622 689 2671; x_wconf 89' lang='lat' dir='ltr'>delapsum</span> <span class='ocrx_word' id='word_1_312' title='bbox 719 2624 785 2661; x_wconf 88' lang='lat' dir='ltr'>est</span> <span class='ocrx_word' id='word_1_313' title='bbox 815 2622 1020 2661; x_wconf 86' lang='lat' dir='ltr'>saxulum</span> <span class='ocrx_word' id='word_1_314' title='bbox 1067 2623 1195 2673; x_wconf 87' lang='lat' dir='ltr'>quasi</span> <span class='ocrx_word' id='word_1_315' title='bbox 1243 2623 1494 2673; x_wconf 84' lang='lat' dir='ltr'>scrupulus,</span> <span class='ocrx_word' id='word_1_316' title='bbox 1529 2625 1725 2673; x_wconf 82' lang='lat' dir='ltr'>forteque</span> <span class='ocrx_word' id='word_1_317' title='bbox 1756 2622 1931 2662; x_wconf 79' lang='lat' dir='ltr'>fortuna</span> 
     </span>
    </p>
   </div>
   <div class='ocr_carea' id='block_1_4' title="bbox 314 2804 1931 2951">
    <p class='ocr_par' dir='ltr' id='par_1_5' title="bbox 314 2804 1931 2951">
     <span class='ocr_line' id='line_1_39' title="bbox 375 2804 1931 2846; baseline 0.001 -11"><span class='ocrx_word' id='word_1_318' title='bbox 375 2814 391 2830; x_wconf 73' lang='lat' dir='ltr'>a</span> <span class='ocrx_word' id='word_1_319' title='bbox 414 2806 643 2836; x_wconf 87' lang='lat' dir='ltr'>sacramento</span> <span class='ocrx_word' id='word_1_320' title='bbox 667 2804 950 2836; x_wconf 87' lang='lat' dir='ltr'>confessionis...</span> <span class='ocrx_word' id='word_1_321' title='bbox 976 2805 1133 2836; x_wconf 86' lang='lat' dir='ltr'>deleant.</span> <span class='ocrx_word' id='word_1_322' title='bbox 1160 2804 1240 2836; x_wconf 75' lang='lat' dir='ltr'><em>Pol.</em></span> <span class='ocrx_word' id='word_1_323' title='bbox 1266 2824 1304 2826; x_wconf 97' lang='lat'><strong>—</strong></span> <span class='ocrx_word' id='word_1_324' title='bbox 1328 2805 1345 2831; x_wconf 77' lang='lat' dir='ltr'>b</span> <span class='ocrx_word' id='word_1_325' title='bbox 1365 2808 1385 2837; x_wconf 66' lang='grc' dir='ltr'>ὅ</span> <span class='ocrx_word' id='word_1_326' title='bbox 1407 2815 1531 2846; x_wconf 74' lang='lat' dir='ltr'>supra</span> <span class='ocrx_word' id='word_1_327' title='bbox 1562 2815 1659 2837; x_wconf 66' lang='lat' dir='ltr'>vers.</span> <span class='ocrx_word' id='word_1_328' title='bbox 1696 2824 1733 2827; x_wconf 84' lang='lat'>——</span> <span class='ocrx_word' id='word_1_329' title='bbox 1764 2814 1777 2832; x_wconf 84' lang='lat' dir='ltr'>c</span> <span class='ocrx_word' id='word_1_330' title='bbox 1808 2815 1829 2837; x_wconf 88' lang='lat' dir='ltr'>a</span> <span class='ocrx_word' id='word_1_331' title='bbox 1855 2806 1931 2836; x_wconf 85' lang='lat' dir='ltr'>lau-</span> 
     </span>
     <span class='ocr_line' id='line_1_40' title="bbox 314 2858 1931 2899; baseline 0 -11"><span class='ocrx_word' id='word_1_332' title='bbox 314 2858 436 2889; x_wconf 87' lang='lat' dir='ltr'>danda</span> <span class='ocrx_word' id='word_1_333' title='bbox 458 2858 550 2889; x_wconf 79' lang='lat' dir='ltr'>add.</span> <span class='ocrx_word' id='word_1_334' title='bbox 576 2858 670 2891; x_wconf 66' lang='lat' dir='ltr'>Pol„</span> <span class='ocrx_word' id='word_1_335' title='bbox 706 2858 774 2889; x_wconf 78' lang='lat' dir='ltr'>sed</span> <span class='ocrx_word' id='word_1_336' title='bbox 810 2858 996 2889; x_wconf 70' lang='lat' dir='ltr'>videntur</span> <span class='ocrx_word' id='word_1_337' title='bbox 1029 2858 1256 2889; x_wconf 68' lang='lat' dir='ltr'>necessaria</span> <span class='ocrx_word' id='word_1_338' title='bbox 1293 2858 1347 2889; x_wconf 77' lang='lat' dir='ltr'>ad</span> <span class='ocrx_word' id='word_1_339' title='bbox 1382 2867 1543 2890; x_wconf 76' lang='lat' dir='ltr'>sensum</span> <span class='ocrx_word' id='word_1_340' title='bbox 1576 2859 1856 2899; x_wconf 73' lang='lat' dir='ltr'>complemlmn.</span> <span class='ocrx_word' id='word_1_341' title='bbox 1892 2877 1931 2880; x_wconf 96' lang='lat'><strong>—</strong></span> 
     </span>
     <span class='ocr_line' id='line_1_41' title="bbox 314 2910 1928 2951; baseline 0.001 -10"><span class='ocrx_word' id='word_1_342' title='bbox 314 2911 332 2936; x_wconf 76' lang='lat' dir='ltr'>&lt;l</span> <span class='ocrx_word' id='word_1_343' title='bbox 351 2910 432 2942; x_wconf 73' lang='lat' dir='ltr'>Del.</span> <span class='ocrx_word' id='word_1_344' title='bbox 460 2911 499 2941; x_wconf 67' lang='lat' dir='ltr'>in</span> <span class='ocrx_word' id='word_1_345' title='bbox 524 2911 599 2950; x_wconf 62' lang='lat' dir='ltr'>five</span> <span class='ocrx_word' id='word_1_346' title='bbox 636 2920 738 2943; x_wconf 69' lang='lat' dir='ltr'>vers.</span> <span class='ocrx_word' id='word_1_347' title='bbox 777 2920 899 2951; x_wconf 89' lang='lat' dir='ltr'>quam.</span> <span class='ocrx_word' id='word_1_348' title='bbox 935 2929 973 2932; x_wconf 80' lang='lat'>—</span> <span class='ocrx_word' id='word_1_349' title='bbox 1001 2919 1016 2937; x_wconf 73' lang='lat' dir='ltr'>e</span> <span class='ocrx_word' id='word_1_350' title='bbox 1045 2910 1169 2941; x_wconf 69' lang='lat' dir='ltr'>Prius</span> <span class='ocrx_word' id='word_1_351' title='bbox 1206 2912 1391 2942; x_wconf 83' lang='lat' dir='ltr'>recusaret</span> <span class='ocrx_word' id='word_1_352' title='bbox 1418 2911 1477 2951; x_wconf 43' lang='grc' dir='ltr'>(ἢ).</span> <span class='ocrx_word' id='word_1_353' title='bbox 1512 2929 1551 2934; x_wconf 92' lang='lat'>--</span> <span class='ocrx_word' id='word_1_354' title='bbox 1575 2912 1586 2937; x_wconf 81' lang='lat' dir='ltr'>f</span> <span class='ocrx_word' id='word_1_355' title='bbox 1623 2911 1800 2951; x_wconf 82' lang='lat' dir='ltr'>exiguum</span> <span class='ocrx_word' id='word_1_356' title='bbox 1836 2911 1928 2943; x_wconf 82' lang='lat' dir='ltr'>add.</span> 
     </span>
    </p>
   </div>
   <div class='ocr_carea' id='block_1_5' title="bbox 314 2963 1931 3048">
    <p class='ocr_par' dir='ltr' id='par_1_6' title="bbox 314 2963 1931 3048">
     <span class='ocr_line' id='line_1_42' title="bbox 314 2963 1931 3004; baseline 0.001 -10"><span class='ocrx_word' id='word_1_357' title='bbox 314 2963 407 3001; x_wconf 60' lang='lat' dir='ltr'>Por,</span> <span class='ocrx_word' id='word_1_358' title='bbox 433 2963 551 2995; x_wconf 75' lang='lat' dir='ltr'>deleto</span> <span class='ocrx_word' id='word_1_359' title='bbox 581 2964 661 2995; x_wconf 73' lang='lat' dir='ltr'>alio</span> <span class='ocrx_word' id='word_1_360' title='bbox 684 2964 810 2998; x_wconf 78' lang='lat' dir='ltr'>verbo,</span> <span class='ocrx_word' id='word_1_361' title='bbox 835 2964 938 3004; x_wconf 69' lang='lat' dir='ltr'>(mod</span> <span class='ocrx_word' id='word_1_362' title='bbox 960 2963 1037 3003; x_wconf 61' lang='lat' dir='ltr'>legi</span> <span class='ocrx_word' id='word_1_363' title='bbox 1062 2963 1206 3003; x_wconf 62' lang='lat' dir='ltr'>nequit.</span> <span class='ocrx_word' id='word_1_364' title='bbox 1242 2982 1279 2984; x_wconf 96' lang='lat'><strong>—</strong></span> <span class='ocrx_word' id='word_1_365' title='bbox 1313 2972 1332 2997; x_wconf 65' lang='lat' dir='ltr'>g</span> <span class='ocrx_word' id='word_1_366' title='bbox 1362 2965 1469 3004; x_wconf 85' lang='lat' dir='ltr'>quasi</span> <span class='ocrx_word' id='word_1_367' title='bbox 1507 2965 1676 2996; x_wconf 86' lang='lat' dir='ltr'>ludens...</span> <span class='ocrx_word' id='word_1_368' title='bbox 1716 2973 1789 2995; x_wconf 91' lang='lat' dir='ltr'>non</span> <span class='ocrx_word' id='word_1_369' title='bbox 1825 2963 1931 2995; x_wconf 87' lang='lat' dir='ltr'>edere</span> 
     </span>
     <span class='ocr_line' id='line_1_43' title="bbox 314 3016 1601 3048; baseline 0.002 -2"><span class='ocrx_word' id='word_1_370' title='bbox 314 3016 415 3047; x_wconf 80' lang='lat' dir='ltr'>iubet</span> <span class='ocrx_word' id='word_1_371' title='bbox 440 3016 519 3047; x_wconf 77' lang='lat' dir='ltr'>Pol.</span> <span class='ocrx_word' id='word_1_372' title='bbox 546 3035 583 3038; x_wconf 79' lang='lat'>—</span> <span class='ocrx_word' id='word_1_373' title='bbox 610 3017 624 3041; x_wconf 74' lang='lat'>¹1</span> <span class='ocrx_word' id='word_1_374' title='bbox 655 3016 785 3048; x_wconf 78' lang='lat' dir='ltr'>Emed.</span> <span class='ocrx_word' id='word_1_375' title='bbox 817 3026 864 3047; x_wconf 56' lang='lat' dir='ltr'>est*</span> <span class='ocrx_word' id='word_1_376' title='bbox 901 3016 1034 3047; x_wconf 80' lang='lat' dir='ltr'>dolore.</span> <span class='ocrx_word' id='word_1_377' title='bbox 1060 3035 1098 3037; x_wconf 44' lang='grc' dir='ltr'>ἡ</span> <span class='ocrx_word' id='word_1_378' title='bbox 1135 3016 1142 3041; x_wconf 84' lang='lat' dir='ltr'>i</span> <span class='ocrx_word' id='word_1_379' title='bbox 1167 3016 1212 3047; x_wconf 85' lang='lat' dir='ltr'>ad</span> <span class='ocrx_word' id='word_1_380' title='bbox 1236 3016 1495 3048; x_wconf 84' lang='lat' dir='ltr'>comedendum</span> <span class='ocrx_word' id='word_1_381' title='bbox 1521 3017 1601 3048; x_wconf 73' lang='lat' dir='ltr'>Pol.</span> 
     </span>
    </p>
   </div>
  </div>
 </body>
</html>
