2099 3516
405 290 471 325 782
849 288 1054 325 LITTERAE
1088 288 1432 333 QUADR1MESTRES

336 408 492 447 dianas
512 407 735 453 lectiones,
767 417 880 457 quae
910 406 1074 445 multae
1103 408 1222 454 sunt,
1254 418 1303 446 ea
1332 407 1465 447 etiam
1494 419 1607 459 quae
1633 408 1950 460 interpretandi

336 472 475 523 gratia
507 471 741 510 traduntur
769 470 815 508 in
845 470 1036 521 scriptis,
1068 470 1121 510 de
1151 470 1386 519 industria,
1418 472 1543 511 nullo
1572 472 1615 512 id
1646 472 1838 521 iubente,
1861 486 1951 514 me-

336 536 513 575 moriter
532 535 742 574 ediscant.
767 534 928 573 Verum
959 534 1071 574 illud
1100 536 1165 574 est
1194 534 1375 574 maioris
1405 537 1630 585 momenti,
1650 548 1724 577 eos
1753 539 1809 577 ab
1829 539 1950 578 omni

336 599 608 650 turpitudine
638 599 864 646 uitiorum,
897 599 1061 649 quibus
1090 601 1210 638 aetas
1240 599 1316 639 illa
1346 600 1537 640 obnoxia
1575 601 1813 642 admodum
1855 615 1950 643 esse

335 666 459 711 solet,
491 664 646 703 diuino
678 675 857 703 munere
886 664 1137 711 abhorrere,
1169 664 1366 715 adeoque
1395 665 1451 704 ad
1481 665 1685 716 pietatem
1716 679 1812 708 esse
1851 679 1950 719 pro-

336 740 507 779 pensos,
540 730 587 767 ut
618 739 705 766 non
735 727 881 766 desint
902 727 978 777 qui
1008 729 1166 767 octauo
1195 740 1371 779 quoque
1400 729 1471 769 die
1499 730 1713 779 confiteri,
1735 733 1777 770 et
1797 732 1950 771 crebro

333 804 500 832 sacram
530 791 843 831 eucharistiam
886 803 1059 831 sumere
1101 793 1320 842 optantes,
1352 792 1397 832 id
1426 795 1467 833 et
1496 794 1674 838 assidue
1704 797 1869 846 petant,
1908 798 1950 836 et

333 858 581 906 frequenter
609 856 851 895 obtineant.
884 855 970 896 Nec
1000 868 1106 896 sane
1136 868 1299 907 paruae
1319 860 1385 897 est
1406 858 1716 899 admirationis
1736 859 1808 899 his
1829 871 1950 911 prae-

332 922 458 972 cipue
488 920 774 971 temporibus,
807 921 1022 971 quosdam
1052 933 1104 960 ex
1133 921 1239 968 illis,
1262 922 1338 972 qui
1360 922 1447 961 iam
1477 923 1571 962 suis
1592 924 1949 975 praeceptoribus

332 988 471 1025 aetate
503 985 640 1025 multo
670 987 774 1024 sunt
821 985 1132 1036 prouectiores,
1183 988 1271 1025 tam
1317 986 1538 1026 modestos
1566 990 1609 1027 et
1654 988 1948 1040 obsequentes

332 1050 496 1098 uidere,
542 1051 589 1088 ut
631 1049 851 1088 submisse
895 1061 994 1089 cum
1043 1050 1244 1100 paruulis
1274 1062 1423 1101 preces
1466 1051 1669 1099 fundant,
1701 1064 1826 1092 sacro
1868 1053 1949 1093 fre-

330 1116 513 1166 quentes
543 1113 763 1161 intersint,
795 1116 1024 1165 ceteraque
1055 1114 1231 1165 pietatis
1260 1115 1407 1155 officia
1454 1119 1681 1167 peragant,
1712 1129 1738 1157 a
1784 1117 1948 1169 quihus

331 1191 449 1219 nunc
477 1178 645 1229 alioqui
675 1181 901 1229 tantopere
930 1178 1142 1218 iuuentus
1170 1181 1237 1219 est
1264 1179 1423 1221 aliena.

407 1245 446 1283 3.
479 1243 563 1283 Sed
592 1246 634 1283 et
678 1243 743 1283 illi
787 1244 863 1294 qui
908 1244 1045 1283 sacris
1093 1244 1353 1284 muneribus
1396 1245 1652 1297 inuigilant,
1699 1247 1816 1287 haud
1847 1259 1948 1287 con-

332 1309 588 1348 temnendos
618 1320 801 1348 suorum
830 1309 1041 1348 laborum·
1063 1309 1232 1349 fructus
1262 1310 1477 1350 hactenus
1506 1311 1724 1359 retulisse,
1770 1314 1812 1352 et
1840 1324 1946 1364 quo-

330 1373 435 1413 tidie
466 1373 624 1412 referre
654 1373 885 1416 uidentur:
932 1385 1033 1412 nam
1065 1375 1107 1413 et
1149 1376 1389 1414 consuetus
1431 1387 1582 1415 eorum
1630 1387 1841 1416 numerus
1869 1377 1946 1428 qui

330 1437 493 1477 nostris
540 1439 716 1488 peccata
763 1438 977 1485 confiteri,
1035 1441 1166 1489 atque
1230 1439 1598 1490 augustissimum
1654 1440 1947 1481 eucharistiae

329 1504 651 1542 sacramentum
682 1514 854 1542 sumere
884 1503 1041 1549 solent,
1073 1505 1382 1551 conseruatur,
1414 1505 1457 1543 et
1485 1516 1572 1555 quo
1601 1506 1795 1556 tempore
1824 1517 1947 1545 sanc-

328 1567 550 1606 tissimum
577 1567 796 1618 jubileum
826 1567 910 1607 fuit
941 1567 1282 1618 promulgatum,
1315 1568 1435 1607 mille
1455 1568 1686 1608 hominum
1713 1581 1945 1610 numerum

329 1632 358 1683 ij
391 1634 670 1683 superarunt,
703 1632 779 1683 qui
802 1632 915 1671 idem
938 1631 983 1671 in
1014 1634 1164 1672 nostro
1194 1633 1357 1683 templo
1388 1635 1661 1684 peregerunt.
1692 1634 1754 1673 Ex
1782 1634 1946 1686 quibus

329 1697 507 1736 fuerunt
539 1696 679 1743 multi,
712 1697 787 1747 qui
828 1697 963 1736 totius
992 1699 1094 1736 ante
1137 1699 1258 1737 actae
1306 1697 1424 1737 uitae
1467 1698 1654 1737 crimina
1683 1699 1946 1749 generaliter

327 1762 532 1805 confessi,
564 1774 610 1801 se
639 1763 694 1801 ad
725 1763 883 1801 bonam
917 1762 1102 1813 frugem,
1136 1765 1184 1802 ut
1212 1762 1388 1809 dicitur,
1427 1765 1695 1814 receperunt.
1745 1763 1945 1816 Singulis

328 1829 549 1877 praeterea
580 1826 702 1866 festis
732 1826 903 1874 diebus,
936 1829 985 1866 ut
1013 1827 1125 1866 alias
1154 1827 1366 1878 scriptum
1396 1830 1476 1876 est,
1509 1829 1559 1868 R.
1591 1829 1638 1868 P.
1671 1829 1829 1868 Rector
1857 1831 1869 1854 ¹
1898 1829 1943 1869 in

327 1894 477 1931 nostro
507 1891 669 1941 templo
699 1891 1010 1939 concionatum
1043 1892 1161 1943 quod
1190 1904 1289 1932 cum
1319 1892 1428 1932 satis
1458 1893 1670 1943 amplum,
1719 1895 1833 1933 certe
1861 1894 1944 1934 hoc

326 1968 443 1995 anno
474 1956 705 2006 praecipue
748 1956 1092 1996 solemnioribus
1122 1956 1245 1996 festis
1293 1957 1627 1997 refertissimum
1671 1957 1767 1998 fuit.
1814 1958 1944 1999 Alius

326 2033 430 2060 uero
462 2022 589 2060 Pater
619 2021 735 2060 intra
765 2021 1030 2060 domesticos
1060 2021 1247 2072 parietes
1279 2022 1430 2061 multis
1472 2022 1745 2070 hominibus,
1777 2023 1853 2074 qui
1896 2023 1942 2063 in

325 2087 523 2125 nostrum
555 2085 765 2124 sacellum
798 2087 895 2136 post
927 2097 1129 2136 vesperas
1159 2085 1316 2125 diebus
1364 2086 1488 2125 festis
1516 2086 1754 2126 conuenire
1782 2088 1940 2136 solent,

324 2161 372 2188 ea
402 2150 594 2189 declarat
623 2150 786 2200 quibus
816 2150 871 2188 ad
900 2150 1187 2189 christianam
1220 2150 1425 2200 pietatem
1455 2151 1619 2201 optime
1649 2150 1940 2193 instruantur.

326 2214 588 2253 Auditorum
619 2216 764 2253 autem
814 2214 1055 2264 profectum
1104 2226 1203 2253 cum
1251 2214 1476 2254 declarant
1522 2216 1698 2254 crebrae
1744 2215 1939 2264 illorum,

323 2278 547 2328 generales
578 2279 724 2325 etiam,
774 2278 1089 2326 confessiones,
1122 2280 1215 2318 tum
1259 2279 1302 2318 id
1349 2279 1539 2318 maxime
1586 2279 1779 2319 ostendit
1821 2281 1940 2330 quod

323 2343 521 2382 dicturus
550 2355 662 2383 sum.
713 2343 820 2382 Nam
871 2343 985 2382 inter
1031 2343 1143 2382 alios
1191 2345 1308 2383 certa
1337 2344 1529 2394 quadam
1560 2344 1631 2384 die
1677 2344 1790 2384 ciuis
1823 2357 1941 2385 unus

322 2407 462 2454 diues,
485 2420 535 2447 ac
556 2419 643 2447 non
674 2409 862 2447 obscuro
885 2408 980 2448 loco
1002 2410 1148 2455 natus,
1174 2408 1257 2447 fuit
1285 2408 1361 2459 qui
1391 2420 1490 2448 cum
1520 2409 1723 2449 concioni
1752 2411 1794 2449 et
1818 2409 1940 2450 horis

323 2473 602 2522 uespertinis,
634 2485 746 2523 quae
793 2485 818 2512 a
848 2473 1013 2512 nostris
1043 2473 1267 2512 decantari
1298 2473 1455 2521 solent,
1501 2474 1788 2522 interfuisset,
1820 2486 1937 2523 mox,

323 2537 392 2575 his
422 2538 623 2588 peractis,
669 2538 856 2577 exiliens
903 2549 1049 2577 coram
1080 2537 1290 2577 uniuersa
1333 2538 1632 2587 multitudine,
1680 2551 1793 2590 quae
1835 2541 1939 2580 tunc

322 2601 485 2649 aderat,
517 2613 616 2641 cum
647 2601 896 2641 uehementi
927 2601 1117 2652 quodam
1139 2602 1294 2641 ardore
1314 2602 1451 2641 animi
1480 2603 1768 2642 exclamauit:
1798 2603 1936 2652 viuat‚

322 2665 479 2716 inquit,
514 2666 635 2705 viuat
661 2667 790 2706 Jesus
820 2666 1037 2713 Christus,
1071 2678 1147 2716 pro
1177 2677 1227 2705 eo
1250 2666 1359 2705 mihi
1389 2667 1652 2718 sanguinem
1672 2668 1938 2718 profundere

320 2731 534 2769 statutum
581 2733 660 2770 est.
695 2731 914 2781 Populum
945 2742 1049 2770 uero
1079 2731 1336 2781 alloquens:
1386 2744 1411 2770 ο
1442 2744 1538 2780 uos,
1587 2732 1747 2783 inquit,
1788 2732 1938 2773 felices

320 2796 450 2844 atque
498 2796 648 2835 beatos
678 2798 784 2846 <non
830 2795 947 2835 enim
995 2795 1088 2846 ipse
1118 2795 1406 2835 bononiensis
1436 2798 1560 2848 erat),
1592 2797 1755 2848 quibus
1784 2797 1936 2837 datum

320 2861 398 2906 est,
431 2862 478 2899 ut
507 2859 766 2900 Societatem
794 2860 899 2900 Jesu
943 2860 989 2899 in
1021 2861 1166 2899 uestra
1208 2860 1388 2900 ciuitate
1418 2861 1578 2901 habere
1622 2862 1816 2913 possitis„
1857 2862 1937 2902 Ve-

383 3061 389 3076 ¹
416 3058 450 3090 P.
477 3059 694 3091 Franciscus
718 3059 867 3092 Palmio.
