2099 3516
436 258 507 293 590
909 258 1111 295 L1TTERAE
1149 259 1491 303 QUADRIMESTRES

391 376 525 415 butus
554 379 633 422 est,
667 377 929 416 munuscula
960 378 1089 416 etiam
1121 376 1264 415 tribus
1294 376 1482 415 maxime
1512 376 1666 426 primis
1685 377 1841 416 classis
1861 377 2006 417 cuius-

391 451 475 490 que
505 440 667 480 donata
696 443 814 488 sunt,
847 443 895 480 ut
924 441 1006 480 hoc
1037 442 1161 491 pacto
1191 452 1344 479 omnes
1366 440 1416 479 ad
1441 441 1590 479 studia
1609 441 1816 491 deinceps
1837 441 2006 481 inflam-

392 507 628 544 marentur.
662 506 853 545 Mensem
884 508 1029 545 autem
1062 517 1198 544 unum
1238 505 1284 544 in
1324 505 1536 544 iuuenum
1576 505 1791 552 examine,
1834 507 2006 546 tametsi

390 570 444 609 ad
460 570 803 609 examinandum
822 573 920 609 octo
943 572 1244 620 praeceptores
1265 572 1409 608 essent
1436 569 1643 617 instituti,
1668 569 2003 620 insumpsimus.

390 634 552 674 Tribus
583 646 685 674 uero
716 637 814 685 post
842 635 999 673 <liebus
1028 634 1078 673 ‘202
1107 646 1160 672 ex
1192 636 1341 673 nostro
1371 634 1603 684 gymnasio
1632 634 1932 674 adolescentes
1952 635 2007 674 ad

391 699 574 750 gradum
614 699 973 738 baccalaureatus
1012 699 1058 737 in
1105 698 1387 748 philosophia
1425 698 1565 737 euecti
1605 701 1723 745 sunt,
1761 699 1806 737 in
1844 699 2008 750 quibus

389 765 494 802 sunt
523 775 682 802 nouem
714 765 888 801 nostrae
918 762 1172 805 Societatffi:
1205 765 1336 812 atque
1365 774 1417 801 eo
1447 765 1640 812 tempore
1670 774 1837 802 nouum
1871 763 2007 813 philo-

389 827 571 877 sophiae
600 839 777 866 cursum
808 827 1085 866 instituimus
1115 839 1213 866 cum
1244 827 1295 865 50
1325 826 1580 873 iuuenibus,
1618 839 1805 877 quorum
1851 830 1955 866 sunt
1983 828 2008 866 6

388 891 639 931 Societatis:
672 894 713 931 et
742 894 846 930 sunt
876 891 922 930 in
952 891 1021 930 his
1052 891 1231 941 plurimi
1261 891 1577 937 adolescenteS,
1621 891 1698 942 qui
1739 903 1820 930 sua
1859 891 2008 931 indole

389 958 431 995 et
460 956 624 1007 insignj
665 956 882 1006 probitate
922 968 1095 1006 magna,
1127 958 1221 995 tum
1252 955 1396 1003 nobis,
1428 957 1523 994 tum
1553 955 1771 994 Ecclesiae
1803 956 2008 1006 pollicen-

390 1023 473 1060 tur.
506 1020 655 1071 Neque
687 1032 822 1070 paruo
851 1020 1013 1071 gaudio
1043 1020 1185 1059 affecti
1217 1032 1386 1066 sumus,
1419 1019 1534 1070 quod
1568 1019 1645 1059 Dei
1667 1020 1863 1059 bonitate
1884 1020 2007 1059 scho-

389 1086 458 1125 lae
501 1087 675 1124 nostrae
718 1097 926 1135 magnum
969 1086 1149 1124 sumant
1190 1085 1523 1124 incrementum.
1565 1085 1615 1123 In
1653 1085 1793 1124 classe
1828 1084 2009 1136 physica

387 1150 687 1189 adolescentes
716 1152 821 1189 sunt
849 1150 914 1197 ς25,
945 1161 1057 1200 quos
1089 1149 1397 1188 baccalaureos
1418 1149 1721 1200 appellamus;
1754 1149 1801 1188 in
1824 1149 1878 1201 ijs
1899 1151 2006 1189 sunt

389 1215 414 1253 9
442 1216 618 1254 nostrae
646 1213 892 1254 Societatis.
939 1207 988 1253 I'n
1031 1215 1171 1253 classe
1214 1217 1358 1253 autem
1405 1226 1557 1253 eorum
1601 1214 1677 1265 qui
1721 1214 1865 1253 tribus
1908 1216 2007 1264 post

391 1279 618 1318 mensibus
647 1279 842 1318 donandi
873 1281 977 1318 sunt.
1006 1279 1276 1329 magisterio,
1309 1291 1421 1329 quos
1450 1279 1744 1318 licentiandos
1786 1279 2008 1329 appellare

390 1343 509 1383 soliti
540 1355 709 1390 sumus,
742 1345 847 1382 sunt
874 1344 940 1392 020,
963 1356 1150 1394 quorum
1173 1344 1194 1382 7
1225 1351 1242 1369 ³
1276 1345 1381 1382 sunt
1402 1343 1540 1395 nostrj
1564 1343 1772 1394 institutj.
1798 1343 1847 1382 In
1868 1343 2008 1382 classe

391 1420 496 1448 uero
526 1408 778 1455 rhetorices,
810 1410 916 1447 sunt
943 1409 1006 1447 55.
1030 1409 1077 1447 In
1111 1408 1292 1458 poetica,
1324 1408 1388 1448 90.
1423 1409 1472 1447 In
1502 1408 1642 1447 classe
1662 1407 1838 1447 demum
1868 1419 2008 1458 gram-

392 1473 548 1512 matica
589 1472 803 1523 inferiorj,
852 1473 916 1512 94.
959 1472 1078 1522 Quos
1117 1473 1292 1512 tandem
1337 1472 1571 1512 uniuersos
1619 1473 1657 1511 si
1701 1473 1747 1511 in
1790 1484 2008 1512 summam

391 1538 641 1584 contrahas,
675 1537 810 1589 futurj
842 1540 946 1577 sunt
974 1538 1053 1577 430
1073 1540 1099 1578 1.
1131 1537 1429 1577 Scholasticae
1453 1537 1802 1583 exercitationes,
1821 1548 1933 1588 quae
1962 1537 2009 1576 in

391 1602 629 1642 lectionum
672 1602 905 1653 cathalogo
948 1603 1163 1653 ascriptae
1207 1605 1311 1641 sunt
1353 1604 1383 1649 2,
1431 1614 1589 1653 magna
1635 1613 1735 1641 cum
1777 1602 2010 1651 diligentia

391 1668 647 1706 tractantur.
672 1667 980 1717 Praeceptores
1001 1667 1159 1706 etenim
1185 1667 1413 1706 laboribus
1431 1666 1544 1706 nihil
1566 1669 1765 1717 parcunt,
1788 1668 1837 1705 ut
1857 1666 2009 1705 iuuen-

392 1733 527 1771 tutem
567 1743 672 1771 suae
702 1731 802 1770 fidei
832 1732 1127 1771 concreditam
1167 1744 1263 1771 cuin
1305 1732 1359 1770 ad
1395 1732 1545 1770 literas
1574 1730 1881 1781 capessendas,
1915 1733 2006 1770 tum

391 1796 462 1835 uel
493 1796 681 1835 maxime
710 1796 764 1835 ad
798 1796 1016 1846 pietatem,
1049 1799 1086 1835 et
1120 1796 1409 1841 inflamment,
1441 1799 1482 1835 et
1514 1797 1815 1846 promoueant.

443 1860 482 1901 02.
515 1861 650 1899 Porro
681 1861 850 1904 fratres,
883 1861 934 1900 de
964 1861 1127 1912 quibus
1158 1861 1298 1911 primo
1329 1861 1472 1900 dicere
1501 1861 1768 1907 debuissem,
1804 1859 2007 1899 obedien-

391 1925 477 1965 tiae
506 1927 548 1965 et
578 1925 694 1964 uitae
724 1925 996 1976 simplicitatj
1029 1925 1365 1975 consequendae
1395 1925 1593 1965 sedulam
1624 1925 1885 1975 impendunt
1910 1935 2008 1974 ope-

391 2002 499 2029 ram.
533 1990 600 2029 Ad
629 1990 746 2040 quod
778 1989 795 2014 ¹³
827 1991 1035 2041 momentj
1070 1990 1307 2040 plurimum
1341 1990 1471 2029 habet
1510 1990 1561 2029 R.
1595 1989 1642 2028 P.
1676 1989 1866 2040 ministrj
1898 1990 1912 2012 3
1943 1989 2007 2027 in-

391 2055 576 2099 dustria,
608 2057 649 2094 et
678 2055 748 2094 uis
779 2055 927 2093 nescio
957 2067 1069 2105 quae
1102 2066 1261 2104 paruae
1294 2067 1469 2093 mensae
1499 2057 1512 2078 ‘¹
1544 2054 1692 2093 insita.
1732 2054 1810 2092 Ille
1830 2053 2005 2104 quidem

391 2131 471 2158 sua
501 2119 546 2158 in
577 2119 780 2170 regendis
811 2119 1022 2158 fratribus
1051 2119 1308 2158 dexteritate
1348 2119 1465 2163 facit,
1508 2121 1555 2158 ut
1594 2119 1809 2157 uirtutum
1850 2118 1895 2156 in
1926 2117 2009 2156 fra-

391 2183 534 2223 tribus
563 2196 651 2222 non
683 2196 819 2234 parua
849 2185 921 2222 fiat
952 2184 1172 2225 accessio:
1205 2184 1312 2223 haec
1350 2196 1455 2223 uero
1498 2183 1611 2222 nihil
1654 2183 1773 2222 domi
1816 2183 2006 2222 inultum

392 2248 618 2299 relinquit,
650 2248 763 2287 nihil
794 2248 1008 2294 abditum,
1040 2249 1149 2299 quin
1181 2261 1279 2287 mox
1309 2251 1385 2288 aut
1419 2249 1574 2299 culpae
1616 2248 1901 2298 professione,
1933 2249 2009 2286 aut

391 2313 437 2352 in
466 2324 515 2352 ea
546 2313 832 2352 accubatione
863 2313 980 2351 foras
1008 2313 1173 2352 efferat.
1207 2313 1438 2352 Miraretur
1481 2313 1528 2352 T.
1564 2313 1614 2352 R.
1648 2313 1712 2359 Ρ..
1745 2312 1782 2351 51
1813 2320 1827 2338 ⁰
1861 2323 2007 2351 coram

391 2379 621 2428 spectaret,
666 2380 936 2428 quantopere
980 2377 1025 2416 in
1070 2378 1254 2417 rudibus
1298 2378 1470 2428 collegij
1521 2377 1662 2428 initijs
1709 2376 2009 2416 adolescentes

453 2498 470 2516 a
491 2489 651 2522 Emend.
677 2499 724 2522 eoe
745 2491 775 2523 6.
801 2507 835 2510 -
863 2493 880 2519 l)
901 2488 982 2520 Del.
1008 2488 1218 2529 plurimum.
1247 2507 1282 2510 κ
1307 2497 1320 2514 c
1342 2488 1423 2520 Del.
1448 2488 1600 2529 quanto.

456 2609 465 2626 ¹
489 2606 536 2639 Ut
559 2615 604 2638 ex
627 2606 795 2647 catalogo
828 2606 1027 2638 lectionum
1052 2606 1089 2637 in
1114 2607 1355 2638 annotatione
1390 2606 1559 2647 sequenti
1587 2606 1702 2637 citato
1725 2604 1849 2645 colligi
1873 2604 2005 2645 potest,

392 2660 518 2692 omisit
541 2661 670 2692 auctor
692 2659 881 2691 auditores
904 2659 1034 2690 classis
1058 2659 1320 2700 grammaticae
1340 2659 1561 2700 superioris:
1580 2667 1686 2700 quae,
1704 2658 1746 2690 ut
1763 2666 1906 2689 summa
1921 2665 2008 2688 vera

392 2713 454 2751 sit,
478 2713 519 2745 96
541 2713 730 2745 auditores
754 2712 888 2744 habere
913 2711 1052 2744 debuit.

453 2768 464 2785 2
488 2765 556 2797 Hic
589 2765 788 2798 lectionum
823 2764 1021 2805 Catalogus
1056 2765 1178 2796 editus
1212 2766 1267 2796 est
1291 2774 1312 2796 a
1338 2764 1372 2796 P.
1399 2764 1505 2796 Bern.
1531 2764 1646 2796 Duhr.
1672 2763 1722 2796 Cf.
1747 2763 1819 2795 Die
1843 2763 2007 2794 (illesten

391 2818 677 2859 Studienpmne
701 2818 767 2850 des
789 2817 1246 2858 Jesuitenygym›msinms
1273 2818 1314 2848 ln
1338 2817 1451 2849 Ιίὄῖιι.
1478 2827 1511 2858 p.
1538 2817 1576 2848 15
1599 2826 1677 2858 sqq.

453 2874 466 2891 ³
488 2871 563 2903 Hoc
591 2880 741 2903 munere
778 2872 866 2903 tunc
899 2870 1123 2911 fungebatur
1160 2870 1193 2902 P.
1219 2870 1404 2902 Antonius
1438 2870 1606 2902 Holletus
1640 2869 1928 2901 HannoniensiS.
1954 2867 2005 2901 Cf.

393 2924 554 2964 ΗΑΝ5ΕΝ,
579 2925 602 2957 l.
627 2933 657 2956 c.
681 2925 753 2956 408.

454 2979 465 2996 ⁴
488 2978 529 3009 In
552 2987 624 3009 usu
647 2978 726 3010 erat
749 2978 791 3009 ut
813 2986 927 3018 parva
951 2985 1077 3008 mensa
1104 2977 1141 3007 in
1170 2976 1289 3008 medio
1324 2976 1485 3008 triclinio
1519 2976 1717 3017 poneretur
1751 2984 1815 3016 pro
1849 2974 1909 3006 his
1941 2974 2005 3015 qui

393 3032 458 3062 aut
481 3030 607 3071 aliqua
630 3039 749 3071 poena
770 3029 1037 3069 multabantur,
1062 3030 1127 3060 aut
1151 3030 1280 3070 sponte
1304 3029 1571 3069 paenitentiam
1595 3037 1703 3069 agere
1726 3027 1909 3060 volebant.
