2099 3516
601 276 677 311 490.
706 296 749 300 —
777 275 894 310 Sssms
920 273 942 308 9
969 273 1197 309 FEBRUARH
1229 275 1310 309 15⁴5!
1661 276 1723 310 155,

144 393 438 444 apparitorem
473 393 721 432 uiatoribus
750 392 962 442 stipatum
994 392 1289 438 suboffendit,
1323 393 1363 430 et
1394 392 1465 430 hic
1498 394 1642 431 lurore
1673 404 1770 441 rap-

146 461 217 498 tus
259 459 432 497 fabrum
478 458 598 497 illico
642 457 905 497 descendere
948 456 1084 499 iubet,
1117 456 1187 496 cui
1233 457 1343 495 bene
1377 456 1555 507 quidem
1588 457 1771 495 barbato

144 522 344 562 offerenti
375 534 421 561 se
452 522 533 563 illi.
565 522 725 561 acriter
753 521 792 561 ei
823 521 1081 560 insultando
1114 521 1305 559 uellebat
1347 521 1552 562 barbam:
1595 521 1669 559 ille
1707 523 1772 559 t'u-

145 599 252 634 rere,
299 587 369 626 hic
413 587 569 626 insons
612 598 753 637 aequo
797 586 947 625 animo
997 586 1173 635 probra,
1219 585 1433 631 conuitia,
1478 585 1772 624 contumelias

144 652 334 703 perpeti;
381 652 455 691 ille
499 652 690 696 minacia
733 651 926 701 proferre
981 651 1131 692 uerba.
1178 650 1249 689 hic
1294 650 1432 689 Deum
1490 649 1679 700 rogitare
1726 652 1770 688 ut

143 717 385 768 asperrimo
428 717 712 756 conuitiatori
755 716 921 756 crimen
965 716 1250 755 condonaret.
1300 715 1474 766 Ingenti
1515 715 1586 754 hic
1616 715 1771 765 flagrat

143 782 362 821 desiderio
392 781 639 829 Societatis,
663 782 717 821 ad
738 792 871 832 quam
903 780 940 819 si
959 781 1144 821 ‚caelebs
1179 782 1307 825 esset,
1332 780 1457 819 nulla
1489 792 1608 819 mora
1635 779 1773 818 aduo-

143 847 274 893 laret;
307 846 668 897 quandoquidem
712 846 833 885 filius
876 845 973 884 eius
1016 845 1327 884 adhortatione
1376 844 1597 895 impulsus
1641 844 1770 885 hane.

144 924 233 951 uno
264 912 374 951 forte
416 912 580 951 abhinc
623 923 757 958 anno,
789 912 855 950 est
899 911 1141 961 ingressus.
1176 910 1356 949 Minime
1391 909 1435 948 id
1479 909 1772 948 tacirtunitati

143 976 237 1028 [sic]
269 978 502 1017 concedam
533 984 565 1016 a.
600 976 751 1016 Isthuc
780 988 826 1015 se
856 975 998 1015 filium
1042 975 1354 1018 conferentem,
1388 975 1470 1014 iter
1509 974 1644 1014 unius
1683 974 1770 1013 diei

143 1041 394 1089 comitatur,
418 1043 593 1092 postera
622 1041 693 1080 die
723 1038 995 1080 discessione
1025 1040 1243 1079 dirimunt
1272 1040 1543 1088 societatem,
1567 1039 1641 1078 sed
1673 1050 1771 1078 cum

144 1106 220 1146 uix
250 1109 373 1158 pater
416 1118 519 1157 prae
549 1106 688 1145 nimio
734 1105 864 1145 Vrbis
907 1105 1127 1144 desiderio
1171 1104 1254 1144 iter
1292 1104 1567 1155 supprimere
1608 1106 1771 1154 posset,

143 1173 391 1223 prostratus
421 1172 598 1211 tandem
629 1171 675 1210 in
705 1182 842 1210 coeno
874 1170 984 1210 forte
1014 1170 1069 1209 ad
1113 1170 1192 1209 filii
1239 1170 1386 1220 pedes,
1426 1169 1614 1220 supplex
1644 1170 1774 1208 bene—

143 1237 380 1277 dictionem
425 1237 556 1287 petit:
602 1237 681 1283 Da,
714 1236 875 1287 inquit,
908 1235 971 1275 fili
1002 1235 1077 1282 mi,
1110 1235 1463 1274 benedictionem
1494 1234 1603 1274 mihi
1634 1236 1772 1276 tuam.

143 1305 190 1342 tu
220 1302 336 1342 enim
370 1302 457 1341 iam
488 1302 534 1341 in
555 1301 720 1342 Christi
750 1301 894 1341 seruis
916 1300 1179 1348 numeraris,
1202 1312 1283 1351 ego
1305 1312 1411 1340 uero
1440 1300 1593 1339 sordes
1619 1300 1772 1339 mundi

143 1379 257 1407 sum.
290 1367 385 1417 Qua
407 1379 451 1406 re
472 1367 577 1406 hinc
597 1367 700 1406 inde
730 1366 959 1406 lachrimis
979 1366 1169 1417 genibus
1189 1365 1341 1405 curuis
1362 1365 1473 1404 alter
1501 1365 1557 1404 ab
1588 1364 1605 1390 ¹>
1636 1365 1775 1404 altero

144 1433 494 1473 benedictionem
542 1433 753 1484 postulat.
787 1432 921 1471 Plura
951 1431 1004 1471 de
1049 1431 1230 1470 homine
1274 1431 1460 1470 auribus
1490 1430 1625 1481 digna
1659 1442 1775 1470 com-

143 1499 428 1539 memoranda
471 1500 633 1543 essent,
667 1497 754 1537 nisi
798 1497 1021 1537 studerem
1066 1496 1289 1536 breuitati.
1337 1496 1411 1536 Sat
1456 1508 1554 1535 reor
1596 1496 1687 1535 fore
1730 1496 1774 1535 id

143 1576 283 1604 unum
313 1564 366 1603 de
400 1564 497 1615 ipso
543 1563 788 1614 perhibere,
818 1575 870 1602 ea
912 1574 1007 1602 esse
1053 1562 1285 1613 probitate,
1323 1561 1461 1601 animi
1504 1561 1772 1607 humilitate,

142 1629 496 1680 obedientiaque,
529 1632 577 1668 ut
621 1628 858 1670 neminem,
890 1629 1108 1679 quantum
1154 1627 1369 1667 iudicium
1415 1626 1555 1666 facere
1595 1627 1662 1665 fas
1691 1628 1772 1669 est.

143 1695 189 1734 in
219 1695 302 1734 hac
344 1694 525 1734 ciuitate
571 1693 860 1746 [Narrcmtu‘r
904 1695 1083 1743 aliquae
1127 1694 1410 1743 peccatorum
1448 1695 1773 1734 conversiones.

143 1773 256 1811 quas
285 1762 486 1800 omittere
514 1762 660 1799 satius
690 1762 838 1799 visum
869 1758 970 1810 est]

221 1826 259 1864 8.
294 1824 403 1865 Cum
433 1827 673 1865 extremam
703 1824 831 1876 quasi
863 1836 1043 1864 manum
1067 1823 1139 1863 his
1164 1824 1306 1863 literis
1336 1823 1664 1873 imposuissem.
1698 1823 1776 1862 mi—

143 1891 262 1930 nime
300 1890 572 1930 reticendum
616 1890 806 1937 uidetur,
848 1890 967 1941 quod
1010 1889 1159 1929 euenit
1203 1889 1325 1930 noui.
1370 1889 1469 1928 Dux
1512 1888 1776 1928 florentinus

143 1969 233 1996 una
261 1968 361 1996 cum
391 1956 580 2007 coniuge
610 1968 691 1996 sua
723 1959 750 2003 ¹,
784 1958 883 2006 post
914 1956 1055 1994 Roma
1089 1954 1351 1999 discessum,
1392 1957 1497 1995 sunt
1536 1955 1608 1993 hic
1647 1954 1776 1994 Senis

142 2022 198 2061 ad
228 2022 494 2073 uigesimum
527 2022 641 2061 diem
674 2021 949 2061 commorati.
985 2020 1146 2060 Inuisit
1179 2021 1393 2060 continuo
1434 2021 1562 2059 Pater
1601 2020 1773 2062 ducem.

142 2100 275 2139 quam
306 2090 422 2126 totos
452 2087 547 2126 dies
576 2088 815 2126 obseruare
858 2086 1104 2137 oportebat,
1151 2088 1197 2125 ut
1242 2086 1327 2125 sibi
1371 2086 1425 2125 ad
1469 2097 1565 2125 eam
1610 2085 1773 2127 aditus.

142 2153 219 2204 qui
250 2153 427 2204 quidem
465 2153 510 2191 in
552 2152 695 2202 initijs
725 2152 974 2191 difficillimi
1019 2153 1159 2197 erant,
1205 2151 1431 2191 darentur.
1474 2151 1777 2190 Introducitur

142 2218 335 2265 tandem,
370 2217 524 2257 ineunt
553 2216 791 2268 colloquia,
824 2216 1026 2267 interque
1053 2216 1325 2267 loquendum
1357 2228 1406 2255 ea
1440 2215 1776 2255 beneuolentiae

142 2283 270 2334 signa
302 2295 405 2334 prae
434 2294 480 2322 se
510 2282 627 2329 tulit,
652 2285 700 2322 ut
722 2282 911 2321 maxime
933 2282 1129 2321 animata
1160 2281 1206 2320 in
1237 2281 1501 2321 Societatem
1532 2281 1772 2320 uideretur.

144 2349 273 2388 Pater
301 2348 462 2387 etenim
496 2348 654 2387 Rector
684 2350 775 2387 tam
806 2350 1002 2387 maxime
1033 2355 1047 2373 0
1083 2347 1127 2386 in
1159 2346 1303 2397 ipsius
1338 2347 1523 2398 gratian]
1557 2346 1695 2387 uenit.
1728 2348 1775 2385 ut

143 2413 228 2464 ipsi
257 2414 568 2453 obseruatores
599 2414 895 2452 <autumabant
918 2412 936 2437 <¹
967 2412 1122 2452 ducem
1146 2424 1235 2451 uno
1256 2412 1455 2451 omnium
1489 2412 1617 2451 Patre
1649 2411 1775 2450 fami-

142 2479 381 2518 liarissime
422 2479 500 2518 uti.
544 2479 668 2518 Vnde
712 2478 891 2529 saepius
935 2480 1155 2528 petentem
1199 2477 1347 2528 ipsum
1376 2485 1390 2502 ‘¹
1430 2477 1685 2516 facultatem
1729 2488 1775 2515 se

142 2543 323 2583 domum
354 2543 610 2594 recipiendi,
647 2555 746 2583 cum
779 2543 825 2582 in
855 2543 958 2582 aula
1002 2542 1196 2582 stetisset
1239 2542 1426 2589 diutius,
1472 2542 1594 2581 abire
1637 2541 1775 2580 amice

143 2608 347 2659 nega-uit:
380 2609 591 2660 quoniam
623 2621 714 2648 non
755 2608 964 2648 mediocri
1009 2607 1240 2658 uoluptate
1283 2607 1556 2647 afficiebatur
1600 2608 1776 2657 propter

142 2673 505 2725 circumspectam
536 2674 782 2713 orationem
815 2673 974 2721 Patris,
1006 2673 1078 2712 cui
1109 2673 1243 2712 semel
1274 2672 1389 2712 serio
1420 2672 1531 2711 dixit
1552 2672 1666 2711 inter
1687 2683 1776 2710 om·

204 2855 221 2873 a
250 2847 511 2878 taciturnitate
535 2846 744 2887 praeteribo
779 2845 859 2877 Pol.
895 2864 933 2867 —
970 2845 986 2871 b
1015 2845 1061 2877 ab
1098 2854 1224 2886 snpra
1251 2854 1350 2877 cers,
1380 2863 1418 2866 —
1454 2854 1468 2871 ‹—
1491 2844 1582 2875 adeo
1619 2843 1697 2874 Pol.
1738 2861 1776 2863 ᾖ

147 2900 163 2926 «1
180 2900 343 2932 dicerent
368 2900 450 2932 Pol.
476 2919 515 2921 —
538 2908 554 2926 e
580 2899 746 2931 Videtur
762 2899 885 2940 prins
908 2899 1102 2940 scriptum
1128 2899 1269 2939 petenti
1294 2899 1379 2939 ipsi.

206 3065 213 3081 ¹
240 3062 390 3095 Cosmas
415 3062 458 3094 de
482 3062 633 3094 Medicis
657 3063 690 3094 et
717 3062 896 3094 Eleonora
920 3061 963 3093 de
986 3060 1132 3093 Toledo.
