2099 3516
419 259 490 295 510
889 262 1093 298 er'rERAE
1120 262 1464 306 QUAnfflMESTRES

451 378 515 416 41.
550 378 725 429 Experti
769 381 994 430 praeterea
1037 382 1141 419 sunt
1183 390 1422 429 pragenses
1470 382 1723 419 nostrorum
1769 381 1987 421 auxilium

372 441 682 482 viennensium
711 455 1047 494 caesareamque
1077 444 1387 483 liberalitatem
1418 443 1489 483 his
1523 447 1713 495 quatuor
1742 446 1984 486 mensibus.

373 506 481 545 Nam
513 507 654 557 primo
683 508 860 559 quidem
892 509 1132 560 octingenti
1155 508 1293 547 daleri
1315 508 1366 546 ad
1392 508 1600 547 fabricam
1634 509 1756 549 illius
1785 511 1984 562 collegiJ;

372 571 530 611 deinde
562 584 665 611 uero
694 573 874 612 trecenti
904 574 1058 620 annui,
1091 573 1229 612 donec
1264 572 1465 611 fundatio
1508 573 1703 613 eiusdem
1738 574 1866 625 plene
1895 575 1985 622 fiat,

371 637 412 674 et
442 647 509 674 res
539 636 817 677 oibienenses
838 638 1127 688 expediantur
1149 638 1349 687 (quarum
1374 637 1428 675 ad
1450 640 1611 676 rectam
1632 638 1985 689 dispositionem,

371 712 448 739 seu
478 702 882 749 commutationem,
928 704 1004 742 aut
1046 703 1309 741 locationem
1340 701 1395 739 ad
1431 703 1779 754 emphyteosym,
1816 706 1858 742 et
1888 704 1988 743 mis-

371 764 539 804 sionem
570 767 943 814 comissariorum,
976 767 1051 817 qui
1082 768 1198 805 bona
1228 768 1429 805 laxarent
1458 767 1680 814 vniuersa,
1712 780 1802 807 non
1831 780 1987 818 parum

371 830 433 868 est
476 830 561 875 hoc
608 833 800 881 tempore
847 831 919 870 bic
965 831 1231 881 laboratum)
1263 843 1288 869 a
1320 831 1410 869 M.¹e
1455 831 1597 881 ipsius
1644 844 1846 872 caesarea
1893 834 1987 872 tuto

371 893 466 932 loco
502 895 679 934 fuerunt
721 895 951 946 assignati,
984 908 1048 943 ac,
1083 898 1128 935 ut
1171 895 1477 946 intelligimus,
1522 897 1751 936 commodo
1793 899 1988 948 tempore

371 958 460 997 illis
492 959 664 999 redditi.

447 1023 511 1063 42.
542 1023 671 1063 Dedit
714 1027 933 1075 praeterea
977 1025 1086 1063 Mla-³
1118 1024 1259 1075 ipsius
1302 1036 1501 1063 caesarea
1546 1025 1888 1065 clementissime
1931 1027 1986 1066 ad

370 1088 566 1138 reginam
597 1088 766 1128 Galliae
804 1089 969 1136 literas,
1003 1089 1268 1128 Ferdinandi
1314 1089 1444 1139 primi
1488 1101 1592 1141 erga
1634 1090 1747 1129 hanc
1790 1093 1985 1130 nostram

371 1152 596 1191 minimam
629 1152 888 1193 Societatem
912 1166 1014 1193 uera
1037 1154 1210 1204 pietate,
1234 1166 1283 1192 ac
1312 1153 1483 1204 officijs,
1508 1155 1743 1205 plusquam
1774 1156 1984 1206 paternis,

369 1217 537 1267 plenas.
569 1218 733 1268 quibus
763 1230 831 1258 res
861 1218 1091 1258 Societatis
1123 1219 1169 1257 in
1199 1218 1340 1258 Gallia
1379 1230 1431 1257 ex
1461 1219 1610 1258 animo
1653 1220 1830 1270 reginae
1871 1232 1986 1260 com-

369 1282 606 1321 mendabat
635 1285 662 1322 1.
696 1282 790 1332 Qua
820 1284 872 1322 de
902 1295 946 1322 re
978 1283 1063 1334 [ad]
1095 1284 1207 1322 alios
1237 1295 1413 1334 quoque
1452 1284 1575 1334 regni
1620 1284 1743 1324 illius
1784 1297 1985 1335 proceres

369 1345 661 1386 libentissime
691 1347 854 1397 pariter
883 1350 1013 1398 atque
1042 1347 1383 1387 clementissime
1418 1349 1682 1398 scripsisset,
1714 1349 1801 1388 nisi
1835 1350 1986 1400 grauis

368 1410 583 1459 quaedam
614 1422 762 1457 causa,
794 1423 925 1462 quam
957 1411 1028 1450 hic
1058 1412 1216 1451 referre
1246 1411 1428 1451 minime
1462 1412 1563 1452 licet
1582 1420 1615 1459 ἃ,
1648 1413 1981 1454 intercessisset.

369 1474 606 1525 Expeditae
636 1488 812 1526 quoque
842 1477 1021 1516 fuerunt
1062 1478 1145 1516 sub
1188 1477 1320 1516 finem
1367 1477 1481 1528 lunij
1527 1478 1724 1518 eiusdem
1757 1490 1985 1519 caesareae

369 1539 470 1578 M.¹is
509 1539 676 1587 literae,
721 1540 885 1591 quibus
928 1541 1259 1592 archiepiscopo
1302 1541 1571 1593 treui[r]ensi
1614 1543 1851 1594 collegium
1894 1544 1985 1584 illic

367 1603 573 1643 Societati
602 1607 795 1644 creatum
827 1606 1110 1645 uehementer
1137 1607 1544 1647 commendabatur.

446 1668 510 1707 43.
544 1668 815 1719 Consequuti
836 1672 1059 1720 praeterea
1079 1682 1234 1710 sumus
1263 1671 1413 1710 eadem
1437 1670 1637 1711 Caesaris
1658 1672 1859 1713 libertate
1884 1673 1902 1699 ¹³
1923 1676 1985 1713 at-

367 1744 452 1782 que
482 1733 714 1772 clementia
743 1735 980 1774 sectionem
1001 1737 1177 1774 centum
1200 1747 1505 1775 mensurarum
1528 1736 1750 1787 lignorum
1771 1750 1918 1778 annue
1938 1738 1984 1778 in

367 1797 567 1847 proxima
597 1798 746 1849 sylua:
780 1800 1095 1850 consequuturi
1128 1812 1216 1839 non
1253 1800 1382 1839 modo
1417 1800 1560 1851 plura,
1592 1801 1630 1840 si
1660 1801 1750 1841 sint
1778 1814 1904 1852 opus,
1937 1805 1985 1843 ut

367 1873 520 1901 reuera
562 1865 705 1909 erunt,
752 1864 827 1902 sed
858 1864 1073 1915 integram
1116 1877 1291 1916 quoque
1326 1866 1500 1916 syluam
1544 1866 1754 1917 aliquam,
1786 1867 1824 1906 si
1854 1868 1984 1908 modo

367 1926 444 1965 illa
473 1938 562 1965 non
593 1927 830 1967 admodum
873 1929 1035 1968 abhinc
1078 1929 1222 1980 longe,
1268 1932 1399 1980 atque
1428 1930 1483 1969 ad
1513 1930 1711 1970 fluminis
1749 1931 1887 1982 ripam
1919 1933 1984 1972 in—

366 1991 510 2030 ueniri
540 1994 684 2042 queat.

444 2056 508 2094 44.
542 2055 768 2096 Concessit
810 2069 985 2108 quoque
1027 2058 1186 2097 ciuitas
1230 2059 1486 2098 viennensis
1528 2060 1784 2110 ampliorem
1819 2061 1980 2110 locum,

366 2119 441 2159 ubi
473 2123 514 2159 et
543 2121 698 2160 hortus
728 2121 942 2161 honestus
972 2123 1080 2162 satis
1110 2123 1393 2162 recreationis
1429 2125 1782 2174 pernecessarius
1812 2128 1982 2166 nostro-

366 2196 478 2231 rum,
511 2185 619 2232 fieri,
651 2188 693 2225 et
722 2186 880 2225 domus
910 2187 1132 2226 debilibus
1162 2190 1293 2238 atque
1341 2189 1756 2229 conualescentibus
1785 2193 1886 2241 apta
1915 2203 1983 2231 ae-

365 2249 531 2288 dificari
566 2250 736 2300 poterit.
770 2251 916 2290 Huius
949 2253 1337 2299 constructionem,
1371 2253 1519 2303 (quam
1559 2265 1762 2294 caesarea
1790 2255 1981 2295 liberali-

364 2314 452 2352 tate
472 2315 748 2364 perficiemus
768 2316 911 2365 spero)
934 2317 990 2355 ob
1011 2317 1233 2367 lignorum
1256 2318 1514 2367 poenuriam
1535 2320 1978 2370 accommodatorum,

364 2378 473 2417 M.¹‹‘¹s
504 2379 646 2429 ipsius
674 2391 876 2419 caesarea
898 2380 943 2419 in
975 2382 1222 2431 proximum
1251 2394 1325 2421 ver
1353 2382 1526 2422 censuit
1555 2395 1650 2422 esse
1679 2384 1977 2435 reijciendam.

442 2444 506 2483 45.
540 2443 631 2483 Sub
662 2444 775 2483 idem
807 2445 895 2484 fere
921 2447 1108 2496 tempus,
1132 2446 1396 2496 prouinciali
1416 2447 1552 2487 huius
1572 2448 1745 2499 collegij
1777 2450 1980 2489 absoluta

364 2508 632 2556 visitatione,
665 2510 718 2550 M.
750 2509 933 2549 Carolus
963 2510 1100 2553 Grim.
1133 2512 1383 2562 tyrolensis
1415 2512 1549 2551 trium
1569 2513 1747 2564 quidem
1778 2516 1979 2555 votorum

363 2573 620 2620 solemnem,
644 2573 849 2613 Saluator
878 2587 983 2614 uero
1004 2576 1306 2623 subminister,
1330 2576 1584 2625 Gratianus,
1607 2579 1739 2628 atque
1760 2579 1926 2619 Ramus
1946 2581 1976 2628 ²,

424 2716 438 2733 ει
462 2707 542 2739 Aut
565 2708 671 2748 libet;
698 2717 768 2741 ms.
793 2708 833 2741 lt.
858 2727 897 2731 -—
920 2709 938 2735 b
958 2709 1026 2741 Sic
1050 2719 1118 2742 ms.
1137 2720 1213 2751 pro
1236 2711 1471 2751 liberalitate,
1496 2713 1539 2743 ut
1561 2711 1731 2745 videtur.

424 2832 431 2848 ¹
457 2830 549 2863 Vide
576 2840 610 2872 p.
634 2832 706 2863 489.

423 2884 435 2901 2
459 2883 505 2914 Hi
529 2885 615 2915 vota
647 2885 829 2916 voverunt
863 2884 921 2917 die
943 2885 963 2916 ,03
986 2885 1082 2917 Iulii.
1108 2885 1149 2917 In
1183 2887 1351 2927 catalogo
1375 2887 1418 2919 de
1447 2896 1521 2928 quo
1544 2896 1667 2928 supra,
1692 2887 1860 2922 Salvator
1895 2891 1976 2923 sine

362 2936 579 2976 cognomine
602 2936 765 2977 ponitur.
791 2937 832 2969 In
856 2938 963 2969 catal.
989 2938 1077 2969 anni
1113 2939 1192 2970 1559
1215 2938 1316 2979 (Cod.
1345 2939 1472 2972 Germ.
1499 2940 1581 2979 131,
1607 2940 1629 2972 f.
1654 2941 1743 2973 fflOv
1768 2943 1804 2974 et
1826 2943 1901 2983 Ο236)
1924 2943 1976 2975 di-

361 2989 458 3020 citnr
481 2988 515 3021 S.
541 2989 585 3021 de
608 2989 782 3031 Vagune;
808 2990 847 3022 in
881 2991 958 3023 cod.
983 3000 1069 3023 vero
1101 2991 1237 3024 Austr.
1262 2992 1346 3032 122,
1371 2993 1394 3025 f.
1419 2995 1466 3025 ἓν
1489 2993 1626 3026 dicitur
1659 2994 1877 3028 Guilielmus
1901 2995 1976 3028 Sal-

360 3042 466 3073 vator
481 3042 616 3074 Bascos
632 3042 826 3084 hispanus.
840 3043 975 3076 Ramos
991 3045 1115 3077 autem
1131 3054 1263 3077 nomen
1278 3048 1357 3079 erat
1370 3047 1535 3081 Iacobus.
1550 3049 1636 3081 Erat
1652 3049 1764 3082 etiam
1779 3049 1973 3091 hispanus
