2099 3516
434 251 505 287 530
905 250 1108 288 LerERAE
1142 251 1486 295 QUADRIMESTRES

389 370 478 410 duo
508 371 702 409 recenter
743 369 981 409 admodum
1025 370 1284 409 Societatem
1328 369 1516 418 ingressi
1562 369 1687 408 missi
1731 369 1910 408 fuerunt
1950 369 2004 408 ad

390 436 606 485 parentes,
642 435 690 473 vt
723 434 775 473 de
806 434 936 474 rebus
978 434 1165 485 quisque
1207 433 1474 484 quibusdam
1505 433 1600 472 suis
1628 445 1725 472 cum
1758 433 1814 484 ijs
1860 435 2006 484 ageret

390 500 498 551 (erat
526 499 642 538 enim
673 499 783 537 alter
812 500 853 537 et
873 499 1127 545 canonicus,
1159 500 1201 537 et
1231 500 1379 548 pastor
1400 497 1589 536 diuersis
1617 499 1765 537 tamen
1796 498 1841 536 in
1862 497 2002 548 locis),

388 576 499 615 quos
524 576 622 603 cum
644 563 857 602 adhibitis
878 564 1086 603 omnibus
1115 563 1245 602 etiam
1271 562 1488 601 machinis
1519 562 1705 601 retinere
1724 564 2003 609 conarentur,

388 629 553 668 efficere
583 630 728 667 tamen
758 628 803 667 id
832 640 921 667 non
953 630 1144 679 potuere,
1169 639 1268 666 cum
1298 639 1344 665 se
1375 627 1557 677 quiduis
1580 627 1726 677 potius
1748 627 1857 666 ferre
1878 637 2006 677 posse

388 694 597 741 dicerent,
630 704 763 743 quam
794 693 971 732 illorum
1001 695 1078 732 aut
1110 704 1264 740 mores,
1297 693 1374 730 aut
1403 692 1518 731 vitae
1562 691 1814 730 institutum
1847 698 1880 738 ²¹,
1911 690 2006 742 qui-

387 759 571 798 buscum
603 759 731 796 antea
761 757 1027 797 suauissime
1059 758 1258 795 vixerant.
1288 756 1516 807 [deserere]
1539 755 1571 801 ¹³,
1606 767 1683 795 nec
1711 756 1821 795 citra
1840 755 2006 794 indele-

388 823 475 863 bile
503 822 839 873 ingratitudinis
867 823 1109 862 cauterium
1139 822 1203 860 eis
1232 821 1376 869 licere,
1409 821 1543 860 missa
1572 820 1707 860 semel
1736 821 1790 859 ad
1811 822 2006 859 aratrum

386 887 658 927 dominicum
689 899 838 935 manu,
869 887 1082 938 respicere
1113 888 1226 924 retro
1256 888 1281 925 1.
1315 885 1446 924 Venit
1475 885 1606 924 etiam
1652 884 1901 935 Poppardia
1945 884 2004 935 (id

387 954 453 992 est
494 952 705 1003 oppidum
740 964 829 991 non
858 951 1054 1002 ignobile
1092 951 1137 989 in
1168 950 1333 989 tinibus
1375 950 1588 989 dioecesis
1617 948 1917 1001 treuere[n]sis
1950 948 2007 987 si-

387 1020 496 1065 tum,
528 1017 662 1056 tridui
684 1017 839 1056 itinere
860 1016 963 1056 hinc
992 1016 1179 1066 distans)
1202 1015 1406 1054 sacerdos
1434 1014 1615 1065 quidam
1652 1014 1781 1053 nobis
1801 1013 2005 1053 addictis·

387 1083 542 1130 simus,
574 1082 651 1133 qui
681 1082 742 1121 ibi
774 1094 862 1121 non
897 1084 1116 1132 pastorem
1161 1080 1304 1128 modo,
1337 1091 1487 1119 verum
1532 1079 1664 1118 etiam
1707 1081 1749 1118 et
1790 1079 2002 1118 decanum

387 1147 491 1198 agit.
526 1148 580 1195 Is,
604 1147 791 1197 peractis
820 1146 1055 1197 exercitiJS,
1079 1146 1236 1184 iterum
1267 1145 1320 1184 ad
1352 1156 1457 1184 suos
1478 1156 1683 1184 reuersus
1716 1145 1806 1192 est;
1829 1143 2005 1183 interim

387 1214 548 1259 tamen,
580 1212 685 1251 dum
716 1212 787 1251 hic
816 1211 918 1262 egit,
952 1223 1004 1249 ne
1034 1222 1137 1260 grex
1167 1222 1273 1249 suae
1303 1209 1403 1248 fidei
1433 1209 1710 1249 concreditus
1754 1209 1885 1248 solito
1928 1208 2006 1247 ali-

388 1277 535 1314 mento
565 1274 815 1314 defraudari
849 1276 1008 1325 posset.
1041 1285 1092 1312 ex
1124 1272 1286 1312 nostris
1316 1273 1495 1323 quidam
1528 1273 1573 1311 in
1602 1263 1699 1312 eius
1727 1272 1872 1311 locum
1915 1271 2006 1311 suf-

388 1340 526 1380 fectus
556 1342 635 1383 est,
667 1339 742 1390 qui
773 1339 890 1378 vices
919 1339 1042 1377 illius
1073 1338 1117 1376 in
1148 1337 1453 1384 concionibus,
1485 1337 1675 1388 alijsque
1705 1336 1835 1375 rebus
1866 1347 2007 1375 neces-

387 1404 518 1456 sarijs
561 1405 622 1444 ita
668 1404 794 1455 obijt,
828 1406 873 1442 vt
921 1415 1058 1454 pauco
1107 1405 1298 1452 tempore
1329 1414 1418 1441 non
1467 1414 1630 1452 paucos
1677 1401 1732 1440 ad
1780 1400 2004 1440 meliorem

388 1470 559 1521 frugem
590 1469 810 1509 reuocarit
838 1470 867 1508 ².

465 1536 504 1575 3.
537 1534 718 1574 Summo
747 1536 891 1573 autem
924 1532 1071 1572 studio
1102 1532 1147 1571 in
1177 1532 1260 1571 hoc
1294 1532 1349 1570 ab
1378 1531 1586 1570 omnibus
1633 1530 1919 1579 incumbitur,
1951 1542 2005 1570 ne

387 1600 489 1650 quis
518 1600 564 1638 in
595 1599 845 1650 regularum
877 1600 953 1637 aut
981 1597 1351 1636 constitutionum
1382 1596 1568 1647 perfecta
1598 1595 1908 1635 obseruatione
1938 1595 2005 1634 vel

388 1665 526 1704 latum
558 1675 746 1715 vnguem
790 1662 1163 1713 transgrediatur3
1195 1661 1312 1711 quod
1342 1673 1430 1711 quo
1481 1661 1554 1699 fiat
1596 1660 1786 1706 facilius,
1831 1671 2005 1711 quoque

388 1729 602 1769 recentior
632 1729 808 1767 illarum
844 1727 1054 1766 memoria
1083 1726 1279 1765 omnium
1324 1725 1466 1765 oculis
1495 1725 1769 1773 obuersetur,
1814 1724 2005 1779 singulis

387 1794 601 1844 cuiusque
624 1793 787 1832 mensis
816 1791 1013 1831 calendis
1046 1802 1121 1830 eae
1150 1790 1325 1841 publice
1346 1790 1600 1837 recitantur,
1632 1801 1681 1828 ac
1701 1789 1858 1828 diebus
1880 1800 2005 1828 vene-

388 1859 449 1898 ris
482 1871 508 1897 a
555 1857 651 1898 R.d0
699 1858 794 1897 Pre.
847 1857 1028 1895 Rectore
1057 1857 1071 1879 3
1119 1857 1319 1894 accurate
1367 1855 1656 1905 explicantur.
1706 1853 1819 1893 Hinc
1848 1854 1911 1900 fit,
1963 1855 2005 1893 vt

388 1923 584 1974 plerique
628 1923 852 1961 Rectorem
899 1921 1058 1960 adeant
1102 1932 1178 1971 pro
1232 1919 1483 1959 remissiore
1526 1919 1702 1958 illarum
1756 1920 1798 1957 et
1840 1918 2005 1958 laxiore

387 1987 697 2027 obseruatione
728 1986 1023 2037 poenitentias
1056 1985 1142 2024 sibi
1174 1984 1348 2035 iniungi
1372 1984 1661 2035 postulantes,
1693 1995 1804 2034 quas
1832 1995 2005 2022 sumina

387 2065 487 2093 cum
516 2053 741 2092 alacritate
771 2053 1061 2101 exequuntur.

464 2118 502 2157 4.
536 2117 696 2157 Nullus
716 2129 819 2156 vero
842 2128 931 2155 non
962 2117 1164 2154 mouetur
1185 2115 1314 2165 lapis,
1337 2126 1425 2165 quo
1446 2126 1496 2153 eo
1518 2113 1816 2164 perueniatur,
1840 2115 1885 2152 vt
1905 2124 2003 2152 nos-

386 2183 439 2222 tri
472 2195 626 2222 omnes
660 2181 958 2233 germanicum
996 2180 1158 2219 idioma
1195 2192 1352 2219 sonare
1382 2179 1611 2230 incipiant.
1637 2179 1686 2217 In
1712 2178 1830 2217 hunc
1860 2189 2001 2226 Vsum,

387 2250 429 2287 et
458 2250 503 2287 vt
550 2247 730 2286 assidua
768 2246 1080 2286 exercitatione
1124 2245 1305 2284 solitum
1349 2245 1438 2292 fiat,
1480 2244 1596 2294 quod
1627 2245 1719 2283 erat
1756 2243 2001 2292 insolitum,

387 2324 559 2363 semper
600 2312 646 2351 in
692 2311 875 2362 prandio
905 2322 954 2349 ac
996 2322 1132 2349 coena
1160 2312 1290 2360 caput
1334 2309 1515 2359 aliquod
1557 2309 1707 2348 velex
1754 2307 2001 2359 euangelio,

387 2377 583 2428 paulinis
604 2376 818 2427 epistolis,
843 2376 909 2414 vel
930 2375 1185 2425 apocalypsi
1217 2374 1496 2425 praelegitur,
1519 2373 1759 2413 constituto
1780 2372 2004 2412 sacerdote

387 2443 483 2482 eius
513 2442 691 2493 linguae
722 2441 875 2491 perito,
908 2440 999 2491 qui,
1032 2440 1069 2478 si
1099 2452 1187 2490 qua
1216 2439 1330 2478 inter
1359 2438 1592 2489 legendum
1618 2439 1817 2477 occurrat
1836 2437 2003 2477 adulte-

449 2598 466 2616 a
486 2590 570 2629 Seq.
596 2588 758 2629 aliquod
784 2587 883 2619 verb.
909 2587 994 2622 del„
1020 2586 1122 2626 quod
1145 2586 1222 2627 legi
1245 2586 1391 2626 nequit.
1427 2604 1465 2607 ——
1490 2585 1507 2611 b
1528 2584 1607 2617 Hoc
1630 2586 1699 2616 aul
1722 2584 1853 2616 simile
1883 2593 1917 2616 v.
1943 2584 2003 2616 de-

387 2642 566 2675 siderari
588 2642 758 2674 videtur.
1960 2639 1962 2642 ’

450 2769 460 2786 ¹
786 2766 815 2797 2.

448 2823 459 2839 a
482 2766 784 2852 gf‘atLiiscflgtifu?
800 2817 896 2850 Fahe
932 2818 1061 2859 (Phae)
1086 2817 1269 2858 parochus
1296 2815 1589 2858 boppardiensis‚
1626 2824 1690 2856 pro
1719 2824 1793 2856 quo
1826 2814 2001 2846 suffectus

387 2874 442 2904 est
465 2873 540 2904 illis
563 2872 694 2904 diebus
724 2872 760 2904 P.
787 2871 952 2903 Andreas
986 2870 1339 2911 Valkenburgensis.
1375 2869 1426 2901 Cf.
1463 2868 1625 2907 HANSEN,
1650 2868 1673 2900 l.
1698 2876 1728 2900 c.
1763 2868 1835 2900 401.
1870 2867 2001 2899 Petrus

388 2925 484 2957 Fahe
508 2925 726 2957 Societatem
750 2924 831 2956 Iesu
857 2924 1048 2965 ingressus
1072 2924 1128 2955 est
1151 2932 1248 2954 anno
1273 2923 1362 2955 1563.
1388 2922 1439 2954 Cf.
1466 2921 1587 2962 Epist.
1613 2921 1656 2953 P.
1681 2920 1828 2960 Nadal,
1853 2920 1897 2960 ΙΙ,
1921 2920 1999 2958 47ος

388 2978 419 3009 ΙΙ
442 3004 448 3010 .
517 3005 523 3011 .

422 2978 461 3050 1³
472 2979 520 3064 4P5.
546 3031 732 3063 Antonius
762 3028 892 3063 Vinck.
