2099 3516
536 300 657 336 INDEX
685 310 969 340 PERSONARUM,
997 310 1134 336 RERUM
1164 310 1213 336 AC
1240 309 1429 335 LOCORUM

218 428 332 458 uxor,
359 428 393 452 v.
422 417 561 456 Anna:
590 421 727 459 mater,
755 429 790 454 v.
823 418 948 453 Maria

216 476 372 512 lacoba.

169 535 466 576 Bavilafuente,
492 535 572 570 427.

168 595 292 641 Baya,
317 594 397 629 566.

169 655 315 700 Bayas,
342 653 422 688 528.

169 711 438 758 Beauregard,
464 711 544 746 5l7.

167 771 396 811 Beccatelli,
426 770 669 807 Ludovicus.
689 771 809 816 episc.
828 781 948 816 ragu-

215 831 343 873 sinus,
369 830 448 865 328.

168 890 339 932 Bedula,
366 889 717 930 Bartholomaeus,
737 889 775 924 S.
798 888 838 927 Ι..
866 888 942 924 159.

167 950 278 992 Beia,
312 949 478 995 quidam
505 949 640 984 socius
667 948 764 983 illuc
788 948 946 983 contio-

214 1012 387 1046 naturus
414 1008 600 1049 mittitur,
628 1006 709 1042 233.

168 1069 298 1116 Bejar,
336 1068 500 1104 ducissa
537 1067 599 1110 de,
637 1077 672 1102 v.
713 1065 867 1111 Zuniga
910 1069 948 1101 et

215 1127 408 1170 Guzman,
434 1125 594 1162 Teresa.

168 1187 358 1229 Beliarte,
384 1184 610 1226 Marcellus,
634 1183 671 1220 S.
692 1183 732 1226 L,
759 1186 854 1219 vota
881 1193 949 1218 vo-

216 1250 292 1289 vet,
318 1245 376 1282 28.

168 1305 389 1352 Bellacqua
405 1302 663 1351 (Billacqua),
683 1301 844 1344 Paulus,
867 1300 948 1341 S.I.,

218 1365 297 1407 129,
321 1364 402 1408 239,
428 1363 509 1399 244.

169 1424 430 1466 Bellarmino,
458 1421 673 1463 Robertus,
697 1419 733 1456 S.
751 1419 790 1461 I..
818 1430 852 1455 v.
872 1418 951 1454 Ro-

216 1484 354 1520 bertus
381 1481 639 1523 Bellarmino,
673 1479 710 1515 S.

168 1543 373 1585 Bellimar‚
400 1553 434 1578 v.
461 1540 661 1576 Villimar.

169 1602 368 1644 Bellonio,
396 1601 551 1642 Petrus,
579 1599 616 1635 S.
643 1598 684 1641 I.‚
712 1598 790 1634 149.

168 1661 392 1704 Belmonte,
422 1660 507 1703 10293
547 1658 830 1703 ludimagister
866 1656 951 1692 lau-

215 1721 346 1763 datur,
364 1720 450 1765 130;
467 1719 724 1755 alumnorum
746 1726 948 1758 numerus,

217 1780 303 1823 1313
330 1789 473 1821 mores,
491 1776 669 1819 319-32Ο;
697 1778 789 1811 acta
808 1775 849 1810 in
868 1777 952 1810 stu-

215 1839 375 1875 diorum
390 1837 703 1876 instauratione,
723 1834 811 1877 764;
830 1843 950 1869 casus

215 1897 490 1934 conscientiae
505 1895 664 1932 clericis
679 1895 952 1940 exponuntur,

214 1958 300 2001 3193
327 1957 514 1993 doctrina
528 1954 755 1991 christiana
770 1953 948 1993 docetur,

214 2017 303 2061 3193
331 2027 449 2063 paces
476 2016 592 2057 fiunt,
613 2013 788 2055 130-1313
815 2021 950 2047 accur-

215 2088 285 2112 sus
312 2077 361 2112 ad
380 2076 653 2112 sacramenta:
680 2069 951 2113 fructus,318-

215 2135 301 2177 3192
330 2135 450 2171 aedes
476 2133 736 2180 ampliantur,
766 2131 851 2168 320:
879 2140 949 2165 ex-

216 2206 358 2231 cursus
377 2194 427 2230 ad
447 2193 651 2234 viciniam,
669 2191 758 2234 3193
782 2188 949 2226 admissi

216 2255 259 2290 in
287 2255 544 2294 Societatem,
572 2251 657 2295 763;
684 2253 815 2286 rector
849 2248 951 2289 coll..

215 2325 250 2350 v.
279 2313 498 2355 Sevillano,
528 2311 681 2347 Petrus.

167 2373 346 2415 Beltran,
374 2372 624 2420 Dominicus,
653 2369 804 2405 nobilis
818 2367 949 2413 sculp-

214 2436 289 2476 tor,
318 2432 562 2468 Societatem
590 2429 830 2476 ingreditur,
864 2426 949 2462 230-

214 2492 303 2535 231ς
344 2492 483 2538 aliqua
522 2490 622 2525 artis
661 2498 785 2535 opera
823 2486 873 2522 ab
904 2496 950 2521 eo

215 2552 332 2594 facta,
360 2551 440 2586 231.

170 2630 211 2635 --
239 2611 424 2653 Michael,
453 2610 490 2646 S.
511 2609 550 2652 Ι..
582 2620 601 2644 e
634 2607 776 2644 Sicilia
807 2606 849 2641 in
890 2605 952 2640 In-

215 2671 322 2707 diam
351 2670 494 2711 tendit,
533 2668 616 2712 199;
653 2666 827 2702 Eboram
865 2675 949 2710 per—

214 2731 329 2766 venit
343 2733 383 2766 et
397 2729 649 2775 Olisiponem
665 2726 853 2765 mittitur,
868 2724 947 2759 403.

167 2790 459 2831 Beneventum,
486 2787 702 2833 collegium
732 2783 949 2820 Societatis

216 2849 329 2896 petit,
357 2848 436 2884 734.

167 2908 344 2951 Benitez,
373 2907 580 2949 Alfonsus,
615 2905 859 2941 Societatem
886 2902 947 2936 iu-

216 2968 409 3015 greditur,
439 2967 519 3003 631.

168 3027 357 3074 Berghes,
387 3025 567 3062 marchio
595 3024 654 3063 de.
681 3023 738 3058 49.

168 3107 211 3112 —
238 3086 442 3122 Robertus
485 3084 544 3127 de,
595 3083 717 3129 episc.
770 3080 950 3116 leodien-

1677 297 1748 333 805

1069 418 1134 459 sis,
1194 417 1470 453 fundationem
1531 415 1794 461 collegiorum

1068 476 1339 512 bruxellensis
1373 479 1410 511 et
1452 474 1670 510 leodiensis
1708 484 1798 520 pro—

1071 539 1216 577 movet,
1241 535 1298 571 49.

1020 593 1244 635 Berkelius,
1283 594 1467 631 Ioannes.
1507 593 1544 629 S.
1573 592 1612 632 1..
1640 591 1797 627 Roman

1070 653 1258 695 mittitur,
1283 653 1340 689 49.

1020 711 1165 751 Berno,
1200 711 1451 751 Franciscus,
1480 710 1516 746 S.
1546 710 1585 751 1.,
1613 709 1699 751 76ος
1728 708 1798 744 So-

1068 771 1254 806 cietatem
1284 770 1521 817 ingreditur.
1549 769 1629 805 759..

1021 829 1205 871 Bertran,
1234 841 1267 865 v.
1295 829 1474 865 Beltran.

1020 888 1268 929 Bethlehem,
1307 889 1445 935 ecloga
1476 888 1524 923 de
1564 885 1799 934 pastoribus

1069 947 1372 983 bethlehemitis
1407 948 1446 983 in
1487 946 1675 994 pragensi
1714 945 1796 981 col-

1069 1007 1175 1052 legio
1202 1007 1429 1049 exhibetur,
1454 1007 1512 1043 63.

1024 1065 1212 1107 Beuther,
1241 1065 1384 1102 Petrus
1412 1066 1520 1105 Luis.
1548 1065 1584 1101 S.
1613 1064 1652 1107 I.,
1677 1064 1736 1099 28.

1023 1124 1137 1166 Beza,
1164 1125 1414 1166 Theodorus,
1442 1124 1495 1160 12.

1024 1183 1164 1223 Biano,
1185 1183 1370 1226 Ioannes,
1398 1184 1436 1220 S.
1463 1183 1504 1226 Ι..
1529 1183 1609 1219 458.

1020 1242 1250 1285 Billomum,
1301 1243 1392 1279 coll.
1458 1246 1604 1285 status,
1667 1241 1799 1286 71-72;

1070 1301 1326 1337 alumnorum
1365 1312 1556 1337 numerus
1583 1304 1622 1337 et
1657 1310 1800 1343 mores,

1068 1360 1157 1404 50233
1184 1360 1370 1407 publicae
1397 1361 1713 1397 exercitationes
1736 1360 1800 1396 lit-

1072 1419 1256 1461 terariae,
1283 1420 1345 1463 72;
1372 1420 1581 1456 comoedia
1599 1420 1647 1456 de
1673 1420 1802 1455 homi-

1071 1488 1119 1513 ne
1161 1478 1332 1514 occultis
1378 1479 1540 1515 insidiis
1590 1479 1800 1515 daemonis

1069 1536 1207 1577 illuso,
1250 1541 1288 1573 et
1330 1539 1378 1573 de
1421 1537 1591 1574 Messiae
1638 1537 1800 1574 venturi

1067 1596 1277 1642 promissis
1298 1597 1444 1644 agitur,
1471 1597 1534 1641 7⁴23
1574 1597 1800 1633 liberalitas

1072 1654 1259 1691 Gulielmi
1306 1656 1359 1692 du
1403 1656 1498 1693 Prat
1540 1658 1582 1692 in
1625 1659 1801 1699 nostros,

1072 1715 1268 1750 invidiam
1308 1716 1391 1751 illis
1429 1719 1550 1758 creat,
1587 1716 1655 1751 517
1694 1726 1800 1762 sqq.;

1071 1773 1268 1809 billiomei
1312 1775 1421 1810 cives
1455 1786 1478 1810 a
1513 1775 1665 1810 nostris
1703 1774 1799 1810 aba·

1072 1832 1227 1875 lienati,
1255 1833 1435 1869 mitiores
1454 1833 1569 1876 fiunt,
1589 1837 1711 1880 atque
1729 1833 1803 1869 ite-

1074 1902 1160 1926 rum
1199 1892 1331 1933 amici,
1355 1892 1436 1935 487,
1461 1893 1532 1928 518
1556 1903 1660 1939 sqq.;
1700 1893 1800 1928 socii

1071 1950 1120 1985 ab
1148 1950 1364 1988 haereticis
1402 1952 1537 1988 verbis
1563 1955 1603 1988 et
1637 1952 1803 1998 scriptis

1072 2010 1335 2056 impetuntur,
1373 2011 1444 2047 sed
1470 2011 1684 2054 incassum,
1711 2011 1802 2055 50243

1073 2069 1269 2105 moniales
1313 2070 1352 2105 in
1396 2070 1545 2117 spiritu
1596 2071 1803 2113 iuvantur,

1071 2128 1159 2172 523&
1186 2129 1275 2164 coll.
1303 2132 1459 2172 rect.‚v.
1491 2129 1637 2172 Roilet,
1657 2129 1803 2166 Guido.

1026 2187 1262 2234 Bisignano,
1308 2189 1495 2235 princeps
1537 2189 1597 2231 de,
1639 2189 1801 2235 collegii

1074 2247 1211 2283 nolani
1240 2248 1404 2289 fautrix,
1430 2248 1510 2284 699.

1026 2306 1206 2352 Bisoglio
1233 2306 1480 2353 (Bisciolus),
1520 2307 1669 2351 Lelius,
1696 2307 1733 2344 S.
1761 2307 1803 2349 I.,

1071 2367 1113 2401 in
1167 2366 1342 2401 univers.
1402 2367 1595 2412 perusina
1653 2366 1801 2402 librum

1070 2425 1117 2460 de
1146 2425 1312 2460 Somnio
1353 2425 1557 2472 Scipionis
1593 2426 1802 2472 praelegit,

1072 2484 1152 2520 593.

1025 2544 1192 2586 Bivona,
1219 2544 1308 2580 coll.
1328 2547 1472 2586 status,
1502 2546 1588 2589 1483
1616 2545 1802 2580 doctrina

1072 2604 1296 2639 christiana
1315 2604 1492 2641 docetur.
1514 2604 1599 2647 147;
1622 2615 1802 2640 carceres

1071 2664 1316 2705 invisuntur,
1346 2663 1434 2707 147;
1460 2664 1719 2710 eleemosyna
1738 2674 1803 2699 oc-

1070 2722 1190 2757 cultis
1218 2722 1464 2769 pauperibus
1491 2725 1529 2758 et
1552 2733 1710 2758 carcere
1737 2722 1803 2758 de-

1073 2782 1196 2816 tentis
1235 2781 1479 2817 adiuvandis
1515 2785 1752 2828 corrogatur
1778 2792 1802 2817 a

1070 2841 1233 2879 nostris,
1266 2841 1351 2883 147;
1378 2840 1525 2876 festum
1555 2841 1628 2876 Sti.
1656 2840 1802 2877 Sebas-

1071 2900 1286 2941 tiani.148;
1314 2900 1404 2936 coll.
1427 2903 1531 2943 rect„
1552 2911 1587 2936 v.
1606 2899 1801 2943 Venusto,

1072 2960 1224 2995 Petrus.

1021 3040 1062 3044 —
1091 3019 1172 3054 dux
1212 3018 1272 3061 de,
1311 3029 1346 3054 v.
1386 3018 1512 3061 Luna,
1557 3019 1700 3055 Petrus
1741 3019 1806 3055 de.

1026 3078 1190 3119 Blanca,
1218 3077 1372 3120 Petrus,
1401 3077 1438 3113 S.
1468 3077 1505 3115 Ι..
1533 3078 1612 3114 734.
