2099 3516
410 249 480 284 404
896 249 1099 286 LITTERAE.
1125 249 1469 294 QUAanEs‘rREs

366 366 438 417 ijs,
470 367 546 416 qui
576 367 622 406 in
651 367 867 418 custodiis
910 367 1115 417 publicis,
1159 370 1202 407 et
1231 368 1277 407 in
1321 369 1649 408 ualetudinario
1695 371 1822 417 sunt3
1864 370 1982 420 quod

365 431 498 470 etiam
530 432 594 479 (ut
623 432 734 471 alias
765 432 976 482 scriptum
1007 434 1087 482 est)
1120 433 1290 483 reliquo
1319 433 1426 472 anni
1457 436 1650 484 tempore
1671 434 1828 473 diebus
1858 434 1983 473 feria-

366 507 463 535 rum
493 496 586 535 fieri
617 496 742 536 solet.
766 496 890 535 Domi
924 496 1053 535 binae
1073 497 1265 547 singulis
1280 497 1438 537 diebus
1462 497 1610 545 horae,
1633 498 1770 537 altera
1791 500 1984 548 tempore

367 561 600 608 matutino,
632 562 769 600 altera
800 572 901 600 vero
931 561 1250 611 pomeridiano,
1295 562 1349 600 ad
1397 562 1652 602 caelestium
1697 574 1840 602 rerum
1884 574 1984 601 con-

367 625 695 674 templationem
726 625 981 676 designatae
1010 628 1128 665 sunt.
1161 626 1231 666 Sic
1260 638 1413 666 omnes
1442 626 1577 674 domi,
1607 629 1650 666 et
1678 627 1799 673 foris,
1831 627 1878 666 in
1899 627 1985 678 pijS

367 701 417 728 ac
446 689 654 739 religioso
683 689 862 728 homine
882 689 1031 740 dignis
1059 690 1311 729 actionibus
1339 693 1443 730 sunt
1463 691 1740 730 continenter
1767 691 1981 742 occupati.

419 755 457 793 5.
491 753 870 803 Quemadmodum
908 754 1046 793 animi
1077 755 1333 805 perfectioni
1372 767 1525 794 omnes
1563 756 1756 803 student.
1797 756 1861 795 sic
1890 767 1986 806 pro—

367 819 587 857 ximorum
617 818 875 866 commodis,
907 821 948 858 et
977 819 1227 859 animorum
1258 820 1471 871 profectui
1507 827 1539 860 a.
1573 820 1658 859 Nec
1688 821 1805 859 enim
1840 820 1984 859 solum

368 883 531 922 uinctis
561 883 778 930 seruiunt,
809 884 885 923 sed
914 884 1043 923 etiam
1076 885 1130 924 ad
1159 885 1335 924 eosdem
1365 886 1418 925 de
1446 885 1615 925 diuinis
1654 886 1784 924 rebus
1825 896 1987 924 sermo-

367 959 446 987 nes
488 948 675 996 habent;
708 960 759 987 ex
789 960 877 999 quo
919 961 1009 988 non
1055 950 1286 989 mediocris
1328 950 1512 998 fructus,
1549 950 1625 989 X.0
1665 950 1820 1001 gratia,
1853 949 1987 1000 perci-

368 1013 500 1063 pitur.
533 1013 829 1053 Adducuntur
870 1014 989 1053 enim
1032 1014 1251 1054 interdum
1292 1015 1359 1054 illi
1402 1015 1457 1054 ad
1499 1017 1776 1066 peccatorum
1819 1015 1987 1054 confes-

367 1078 551 1128 sionem,
583 1080 630 1117 ut
661 1078 731 1118 his
761 1079 974 1129 proximis
1003 1079 1160 1118 diebus
1190 1080 1363 1120 accidit.
1390 1080 1505 1119 Idem
1537 1091 1714 1131 quoque
1743 1079 1789 1118 in
1819 1079 1988 1118 ualetu-

367 1142 542 1182 dinario
571 1143 664 1182 fieri
708 1144 834 1191 solet,
866 1155 968 1183 nam
1011 1145 1177 1195 aegroti
1222 1147 1474 1184 nostrorum
1510 1144 1894 1184 exhortationibus
1924 1155 1988 1183 re-

367 1209 586 1255 creantur,
617 1210 658 1247 et
687 1208 964 1247 confessione
993 1220 1153 1248 arcana
1184 1211 1389 1260 purgant,
1431 1212 1678 1261 sanantque
1721 1209 1919 1248 animum
1957 1207 1986 1248 ¹).

369 1272 600 1311 Habentur
641 1273 773 1312 etiam
817 1285 935 1313 nunc
979 1273 1126 1324 plures
1169 1274 1418 1323 conciones,
1452 1287 1585 1326 quam
1628 1274 1853 1322 solebant3
1894 1275 1987 1313 tum

368 1337 474 1387 quia
503 1337 838 1377 concionatores
867 1350 891 1377 a
921 1339 1213 1389 praelegendo
1246 1342 1419 1387 uacant,
1452 1342 1544 1379 tum
1588 1339 1693 1390 quia
1736 1339 1985 1378 auditorum

368 1413 581 1441 numerus
611 1402 741 1453 longe
771 1403 912 1442 maior
940 1405 1020 1450 est,
1044 1404 1307 1443 mulieribus
1336 1406 1428 1443 toto
1458 1405 1541 1444 hoc
1570 1407 1765 1454 tempore
1786 1403 1940 1442 feriato
1974 1411 1988 1429 ς

368 1466 424 1505 ad
454 1469 655 1506 nostrum
686 1468 897 1518 templum
928 1468 1270 1516 confluentibus,
1301 1470 1419 1520 quod
1451 1469 1620 1520 reliquo
1663 1471 1857 1519 tempore
1900 1480 1989 1507 non

369 1531 484 1571 licet.
518 1532 749 1572 Habentur
778 1533 926 1584 itaque
955 1533 1001 1572 in
1030 1534 1114 1573 hoc
1134 1534 1320 1585 collegio
1341 1534 1577 1574 conciones
1596 1534 1614 1560 d
1636 1534 1845 1573 omnibus
1867 1533 1990 1572 festis

369 1597 541 1644 diebus,
573 1597 628 1636 ad
671 1598 789 1648 quod
833 1598 963 1637 etiam
1006 1610 1168 1638 munus
1197 1599 1468 1647 obeundum,
1502 1602 1593 1639 tum
1624 1599 1671 1638 in
1700 1598 1824 1638 urbis
1854 1597 1990 1637 huius

369 1662 548 1713 templo.
580 1665 671 1702 tum
703 1665 825 1702 extra
868 1663 1042 1703 moenia
1084 1664 1290 1703 nonnulli
1325 1676 1347 1703 e
1378 1664 1542 1704 nostris
1585 1664 1835 1703 mittuntur.
1869 1663 1988 1702 Idem

369 1726 418 1766 fit
446 1727 616 1778 reliquo
646 1728 752 1767 anni
783 1730 992 1779 tempore,
1024 1729 1099 1768 sed
1130 1729 1307 1779 parcius
1336 1741 1414 1780 pro
1450 1729 1693 1768 maioribus
1737 1730 1989 1768 nostrorum

369 1793 751 1842 occupationibus.
784 1793 1092 1843 Efflagitantur
1119 1794 1233 1833 enim
1268 1794 1407 1833 nostri
1438 1794 1492 1833 ad
1532 1794 1645 1833 idem
1677 1793 1988 1841 ministerium,

371 1859 419 1896 ut
447 1869 499 1896 ex
528 1869 678 1897 eorum
709 1858 1015 1905 concionibus,
1038 1871 1149 1909 quas
1179 1860 1463 1898 uehementer
1482 1860 1729 1910 approbant
1750 1860 1988 1907 auditores,

370 1922 558 1962 multum
591 1923 781 1962 fructum
812 1923 1075 1974 percipiunt.

449 1988 487 2027 6.
520 1987 806 2027 Continenter
860 2000 1085 2036 sanorum,
1131 1990 1499 2040 aegrotorumque
1541 1989 1772 2028 hominum
1824 1990 1992 2029 confes-

370 2052 519 2092 siones
548 2065 573 2092 a
603 2054 766 2092 nostris
810 2054 1068 2101 audiuntur,
1101 2056 1142 2093 et
1171 2054 1247 2105 qui
1292 2054 1388 2094 eius
1418 2054 1479 2093 rei
1510 2066 1657 2093 curam
1703 2054 1882 2102 habent,
1915 2055 1990 2094 ubi

370 2130 624 2168 quenquam
667 2120 859 2169 egestate
903 2119 1040 2169 premi
1071 2119 1343 2169 intelligunt,
1375 2119 1503 2158 illum
1545 2119 1666 2158 omni
1709 2131 1790 2170 ope
1838 2119 1991 2159 iuuare

370 2185 600 2222 conantur.
635 2183 760 2222 Multi
791 2195 896 2222 uero
926 2183 998 2222 his
1026 2184 1240 2234 exemplis
1269 2183 1324 2223 ad
1356 2185 1514 2222 rectam
1547 2183 1729 2223 uiuendi
1776 2184 1989 2223 rationem

371 2247 625 2288 incitantur.
666 2248 834 2287 Graues
881 2249 1159 2298 quorundam
1204 2249 1334 2288 etiam
1389 2249 1648 2288 inimicitiae
1686 2257 1702 2275 θ
1740 2251 1990 2289 nostrorum

370 2324 501 2362 opera
523 2314 739 2353 extinctae
760 2316 877 2353 sunt.
904 2314 1037 2353 Erant
1056 2314 1172 2353 enim
1204 2326 1255 2353 ex
1288 2314 1379 2353 illis
1409 2314 1650 2353 nonnullae
1681 2313 1989 2364 primariorum

371 2378 584 2425 uirorum,
607 2379 683 2428 qui
705 2378 819 2418 inter
847 2390 893 2418 se
921 2379 1099 2429 capitali
1121 2379 1222 2418 odio
1252 2379 1541 2419 dissidebant.
1563 2378 1749 2418 Cautum
1776 2381 1841 2418 est
1860 2379 1991 2418 etiam

371 2454 426 2481 ne
455 2443 540 2482 sibi
571 2443 750 2493 quidam
783 2444 1002 2483 uiolentas
1033 2456 1191 2483 manus
1221 2444 1413 2483 inferret.
1457 2444 1684 2483 Praeterea
1727 2444 1992 2494 dissipatum

371 2508 437 2545 est
457 2506 691 2546 dissidium
714 2507 727 2532 f
752 2507 992 2546 multorum
1024 2507 1289 2554 uicinorum,
1321 2508 1373 2547 de
1402 2520 1490 2558 quo
1521 2508 1590 2547 uir
1618 2507 1798 2558 quidam
1829 2507 1992 2546 nobilis

372 2571 627 2622 intelligens
669 2575 835 2623 quanta
879 2573 994 2611 mala
1036 2574 1092 2611 ob
1135 2584 1231 2611 eam
1262 2584 1349 2612 rem
1385 2573 1678 2618 imminerent,
1720 2572 1775 2611 ad
1819 2572 1991 2611 Patrem

373 2636 600 2675 Rectorem
631 2637 807 2688 scripsit
837 2638 1074 2677 obsecrans
1104 2649 1219 2685 eum,
1243 2640 1291 2677 ut
1321 2637 1376 2688 ijs
1406 2637 1590 2688 perditis
1611 2636 1869 2676 hominibus
1898 2648 1993 2675 sue—

371 2704 578 2741 curreret.
614 2701 714 2741 Alia
756 2714 932 2753 quoque
975 2702 1280 2742 huiuscemodi
1325 2702 1517 2741 officiose
1561 2701 1749 2752 perfecta
1793 2703 1911 2747 sunt,
1951 2703 1989 2740 et

372 2768 466 2805 tum
499 2766 526 2816 ij
560 2767 635 2817 qui
666 2767 720 2806 ad
751 2767 990 2806 amicitiam
1024 2767 1238 2815 redibant,
1271 2769 1362 2806 tum
1406 2766 1565 2806 caeteri
1603 2766 1679 2816 qui
1709 2765 1906 2813 aderant,
1938 2765 1993 2804 ad

434 2929 452 2948 a
472 2920 553 2953 Del.
579 2930 800 2962 magnopere
823 2921 985 2953 student.
1012 2940 1051 2943 —
1075 2921 1093 2947 b
1113 2921 1278 2953 animum
1305 2929 1432 2961 supra
1460 2929 1560 2952 vers.
1596 2938 1635 2941 —
1665 2927 1680 2946 c
1710 2919 1841 2951 feriato
1867 2926 1992 2959 supra

372 2983 473 3006 vers.
498 2993 537 2996 —
560 2974 578 3000 d
598 2974 761 3006 Emend.
785 2983 832 3006 ar
849 2974 1102 3006 concionibus.
1121 2992 1160 2995 —-
1183 2983 1199 3001 e
1220 2974 1356 3006 Praec.
1375 2982 1410 3005 v.
1428 2973 1521 3005 add.
1539 2972 1584 3004 in
1601 2981 1727 3013 marg.
1746 2990 1783 2993 —-
1801 2972 1814 2998 f
1831 2970 1991 3003 Emewd.

373 3037 420 3059 ex
443 3028 669 3069 dissipatum
692 3029 748 3060 est
771 3028 972 3060 iteratum.
