<?xml version="1.0" encoding="UTF-8"?>
<!DOCTYPE html PUBLIC "-//W3C//DTD XHTML 1.0 Transitional//EN"
    "http://www.w3.org/TR/xhtml1/DTD/xhtml1-transitional.dtd">
<html xmlns="http://www.w3.org/1999/xhtml" xml:lang="en" lang="en">
 <head>
  <title>
</title>
<meta http-equiv="Content-Type" content="text/html;charset=utf-8" />
  <meta name='ocr-system' content='tesseract 3.04.00' />
  <meta name='ocr-capabilities' content='ocr_page ocr_carea ocr_par ocr_line ocrx_word'/>
</head>
<body>
  <div class='ocr_page' id='page_1' title='image "./litteraequadrime19lain_0338.png"; bbox 0 0 2099 3516; ppageno 0'>
   <div class='ocr_carea' id='block_1_1' title="bbox 446 260 1489 306">
    <p class='ocr_par' dir='ltr' id='par_1_1' title="bbox 446 260 1489 306">
     <span class='ocr_line' id='line_1_1' title="bbox 446 260 1489 306; baseline 0 -11"><span class='ocrx_word' id='word_1_1' title='bbox 446 260 515 295; x_wconf 67' lang='lat'>3103</span> <span class='ocrx_word' id='word_1_2' title='bbox 916 261 1118 297; x_wconf 71' lang='lat' dir='ltr'>LITTERAE</span> <span class='ocrx_word' id='word_1_3' title='bbox 1148 262 1489 306; x_wconf 76' lang='lat' dir='ltr'>QUADRIMESTRES</span> 
     </span>
    </p>
   </div>
   <div class='ocr_carea' id='block_1_2' title="bbox 788 454 1624 643">
    <p class='ocr_par' dir='ltr' id='par_1_2' title="bbox 788 454 1624 643">
     <span class='ocr_line' id='line_1_2' title="bbox 1153 454 1264 503; baseline 0 0"><span class='ocrx_word' id='word_1_4' title='bbox 1153 454 1264 503; x_wconf 91' lang='lat'><em>524</em></span> 
     </span>
     <span class='ocr_line' id='line_1_3' title="bbox 788 592 1624 643; baseline -0.001 -1"><span class='ocrx_word' id='word_1_5' title='bbox 788 593 839 642; x_wconf 90' lang='grc' dir='ltr'><em>Ρ.</em></span> <span class='ocrx_word' id='word_1_6' title='bbox 880 593 1264 643; x_wconf 83' lang='lat' dir='ltr'>GULIELMUS</span> <span class='ocrx_word' id='word_1_7' title='bbox 1314 592 1624 642; x_wconf 83' lang='lat' dir='ltr'>ELDEREN</span> 
     </span>
    </p>
   </div>
   <div class='ocr_carea' id='block_1_3' title="bbox 951 707 1472 743">
    <p class='ocr_par' dir='ltr' id='par_1_3' title="bbox 951 707 1472 743">
     <span class='ocr_line' id='line_1_4' title="bbox 951 707 1472 743; baseline 0 -1"><span class='ocrx_word' id='word_1_8' title='bbox 951 717 1138 743; x_wconf 83' lang='lat' dir='ltr'><strong>AUGUSTA</strong></span> <span class='ocrx_word' id='word_1_9' title='bbox 1164 707 1187 740; x_wconf 76' lang='lat'>8</span> <span class='ocrx_word' id='word_1_10' title='bbox 1214 718 1303 742; x_wconf 87' lang='lat' dir='ltr'>MA11</span> <span class='ocrx_word' id='word_1_11' title='bbox 1332 707 1417 741; x_wconf 77' lang='lat'>1561</span> <span class='ocrx_word' id='word_1_12' title='bbox 1448 707 1472 742; x_wconf 77' lang='lat'><em>1.</em></span> 
     </span>
    </p>
   </div>
   <div class='ocr_carea' id='block_1_4' title="bbox 400 825 2018 2029">
    <p class='ocr_par' dir='ltr' id='par_1_4' title="bbox 400 825 2018 2029">
     <span class='ocr_line' id='line_1_5' title="bbox 400 825 2016 875; baseline 0.001 -13"><span class='ocrx_word' id='word_1_13' title='bbox 400 826 497 862; x_wconf 85' lang='lat' dir='ltr'><em>Duo</em></span> <span class='ocrx_word' id='word_1_14' title='bbox 526 825 773 864; x_wconf 74' lang='lat' dir='ltr'><em>sacerdotes</em></span> <span class='ocrx_word' id='word_1_15' title='bbox 802 827 1029 875; x_wconf 62' lang='lat' dir='ltr'><em>Augustae</em></span> <span class='ocrx_word' id='word_1_16' title='bbox 1058 827 1297 864; x_wconf 72' lang='lat' dir='ltr'><em>versantur</em></span> <span class='ocrx_word' id='word_1_17' title='bbox 1326 839 1424 864; x_wconf 89' lang='lat' dir='ltr'><em>cum</em></span> <span class='ocrx_word' id='word_1_18' title='bbox 1468 826 1518 864; x_wconf 92' lang='lat' dir='ltr'><em>P.</em></span> <span class='ocrx_word' id='word_1_19' title='bbox 1551 826 1832 864; x_wconf 78' lang='lat' dir='ltr'><em>Provinciali</em></span> <span class='ocrx_word' id='word_1_20' title='bbox 1882 825 2016 864; x_wconf 84' lang='lat' dir='ltr'><em>Cani-</em></span> 
     </span>
     <span class='ocr_line' id='line_1_6' title="bbox 505 889 2015 939; baseline 0 -13"><span class='ocrx_word' id='word_1_21' title='bbox 505 890 583 935; x_wconf 88' lang='lat' dir='ltr'><em>si0‚</em></span> <span class='ocrx_word' id='word_1_22' title='bbox 630 891 705 938; x_wconf 79' lang='lat' dir='ltr'><em>qui</em></span> <span class='ocrx_word' id='word_1_23' title='bbox 746 891 835 939; x_wconf 84' lang='lat' dir='ltr'><em>fere</em></span> <span class='ocrx_word' id='word_1_24' title='bbox 882 890 1056 928; x_wconf 76' lang='lat' dir='ltr'><em>biennio</em></span> <span class='ocrx_word' id='word_1_25' title='bbox 1086 891 1179 928; x_wconf 76' lang='lat' dir='ltr'><em>illic</em></span> <span class='ocrx_word' id='word_1_26' title='bbox 1222 890 1519 928; x_wconf 86' lang='lat' dir='ltr'><em>contionatur.</em></span> <span class='ocrx_word' id='word_1_27' title='bbox 1555 889 1695 928; x_wconf 88' lang='lat' dir='ltr'><em>Pauci</em></span> <span class='ocrx_word' id='word_1_28' title='bbox 1737 890 1820 927; x_wconf 89' lang='lat' dir='ltr'><em>alii</em></span> <span class='ocrx_word' id='word_1_29' title='bbox 1850 890 2015 928; x_wconf 61' lang='lat' dir='ltr'><em>contio—</em></span> 
     </span>
     <span class='ocr_line' id='line_1_7' title="bbox 505 954 2014 1003; baseline 0 -12"><span class='ocrx_word' id='word_1_30' title='bbox 505 954 678 992; x_wconf 87' lang='lat' dir='ltr'><em>nantur</em></span> <span class='ocrx_word' id='word_1_31' title='bbox 705 955 936 1003; x_wconf 86' lang='lat' dir='ltr'><em>catholice,·</em></span> <span class='ocrx_word' id='word_1_32' title='bbox 966 955 1171 993; x_wconf 83' lang='lat' dir='ltr'><em>tredecim</em></span> <span class='ocrx_word' id='word_1_33' title='bbox 1201 967 1301 992; x_wconf 80' lang='lat' dir='ltr'><em>vero</em></span> <span class='ocrx_word' id='word_1_34' title='bbox 1331 955 1410 992; x_wconf 83' lang='lat' dir='ltr'><em>aut</em></span> <span class='ocrx_word' id='word_1_35' title='bbox 1431 954 1763 1003; x_wconf 80' lang='lat' dir='ltr'><em>quatuordecim</em></span> <span class='ocrx_word' id='word_1_36' title='bbox 1787 954 2014 1001; x_wconf 78' lang='lat' dir='ltr'><em>haeretice,</em></span> 
     </span>
     <span class='ocr_line' id='line_1_8' title="bbox 505 1018 2015 1068; baseline 0.001 -13"><span class='ocrx_word' id='word_1_37' title='bbox 505 1018 622 1056; x_wconf 89' lang='lat' dir='ltr'><em>unde</em></span> <span class='ocrx_word' id='word_1_38' title='bbox 651 1018 879 1057; x_wconf 88' lang='lat' dir='ltr'><em>abundant</em></span> <span class='ocrx_word' id='word_1_39' title='bbox 908 1021 954 1057; x_wconf 89' lang='lat' dir='ltr'><em>in</em></span> <span class='ocrx_word' id='word_1_40' title='bbox 985 1019 1091 1057; x_wconf 87' lang='lat' dir='ltr'><em>urbe</em></span> <span class='ocrx_word' id='word_1_41' title='bbox 1119 1020 1351 1065; x_wconf 84' lang='lat' dir='ltr'><em>haeretici,·</em></span> <span class='ocrx_word' id='word_1_42' title='bbox 1381 1019 1583 1057; x_wconf 77' lang='lat' dir='ltr'><em>catholt&#39;ci</em></span> <span class='ocrx_word' id='word_1_43' title='bbox 1614 1019 1774 1065; x_wconf 85' lang='lat' dir='ltr'><em>autem,</em></span> <span class='ocrx_word' id='word_1_44' title='bbox 1810 1030 2015 1068; x_wconf 74' lang='lat' dir='ltr'><em>praeser-</em></span> 
     </span>
     <span class='ocr_line' id='line_1_9' title="bbox 508 1083 2016 1133; baseline 0.001 -13"><span class='ocrx_word' id='word_1_45' title='bbox 508 1083 587 1121; x_wconf 88' lang='lat' dir='ltr'><em>tim</em></span> <span class='ocrx_word' id='word_1_46' title='bbox 627 1084 861 1131; x_wconf 71' lang='lat' dir='ltr'><em>tenuiores,</em></span> <span class='ocrx_word' id='word_1_47' title='bbox 911 1085 1129 1133; x_wconf 83' lang='lat' dir='ltr'><em>despectui</em></span> <span class='ocrx_word' id='word_1_48' title='bbox 1174 1084 1404 1122; x_wconf 74' lang='lat' dir='ltr'><em>habentur.</em></span> <span class='ocrx_word' id='word_1_49' title='bbox 1456 1084 1624 1133; x_wconf 71' lang='lat' dir='ltr'><em>Mayna</em></span> <span class='ocrx_word' id='word_1_50' title='bbox 1671 1084 1859 1122; x_wconf 89' lang='lat' dir='ltr'><em>mutatio</em></span> <span class='ocrx_word' id='word_1_51' title='bbox 1903 1095 2016 1132; x_wconf 76' lang='lat' dir='ltr'><em>quae</em></span> 
     </span>
     <span class='ocr_line' id='line_1_10' title="bbox 505 1148 2017 1198; baseline 0 -12"><span class='ocrx_word' id='word_1_52' title='bbox 505 1148 558 1186; x_wconf 90' lang='lat' dir='ltr'><em>P.</em></span> <span class='ocrx_word' id='word_1_53' title='bbox 594 1148 767 1187; x_wconf 85' lang='lat' dir='ltr'><em>Canisii</em></span> <span class='ocrx_word' id='word_1_54' title='bbox 794 1151 1017 1188; x_wconf 88' lang='lat' dir='ltr'><em>contiones</em></span> <span class='ocrx_word' id='word_1_55' title='bbox 1046 1150 1315 1198; x_wconf 77' lang='lat' dir='ltr'><em>subsequuta</em></span> <span class='ocrx_word' id='word_1_56' title='bbox 1344 1151 1420 1197; x_wconf 86' lang='lat' dir='ltr'><em>est,</em></span> <span class='ocrx_word' id='word_1_57' title='bbox 1452 1149 1730 1188; x_wconf 71' lang='lat' dir='ltr'><em>describitur.</em></span> <span class='ocrx_word' id='word_1_58' title='bbox 1763 1150 1863 1187; x_wconf 92' lang='lat' dir='ltr'><em>Non</em></span> <span class='ocrx_word' id='word_1_59' title='bbox 1882 1150 2017 1198; x_wconf 84' lang='lat' dir='ltr'><em>pauci</em></span> 
     </span>
     <span class='ocr_line' id='line_1_11' title="bbox 508 1212 2013 1263; baseline 0.001 -13"><span class='ocrx_word' id='word_1_60' title='bbox 508 1212 564 1250; x_wconf 91' lang='lat' dir='ltr'><em>ad</em></span> <span class='ocrx_word' id='word_1_61' title='bbox 610 1214 871 1252; x_wconf 75' lang='lat' dir='ltr'><em>catholicam</em></span> <span class='ocrx_word' id='word_1_62' title='bbox 917 1214 1046 1262; x_wconf 81' lang='lat' dir='ltr'><em>fidem</em></span> <span class='ocrx_word' id='word_1_63' title='bbox 1093 1215 1426 1252; x_wconf 76' lang='lat' dir='ltr'><em>convertuntur.</em></span> <span class='ocrx_word' id='word_1_64' title='bbox 1477 1214 1737 1252; x_wconf 84' lang='lat' dir='ltr'><em>Scholastici</em></span> <span class='ocrx_word' id='word_1_65' title='bbox 1779 1225 2013 1263; x_wconf 81' lang='lat' dir='ltr'><em>pauperes,</em></span> 
     </span>
     <span class='ocr_line' id='line_1_12' title="bbox 508 1277 2017 1328; baseline 0.001 -14"><span class='ocrx_word' id='word_1_66' title='bbox 508 1277 675 1326; x_wconf 77' lang='lat' dir='ltr'><em>aliique</em></span> <span class='ocrx_word' id='word_1_67' title='bbox 720 1281 845 1327; x_wconf 67' lang='lat' dir='ltr'><em>egeni</em></span> <span class='ocrx_word' id='word_1_68' title='bbox 873 1279 1176 1317; x_wconf 70' lang='lat' dir='ltr'><em>sublevantur.</em></span> <span class='ocrx_word' id='word_1_69' title='bbox 1226 1280 1342 1317; x_wconf 85' lang='lat' dir='ltr'><em>Esus</em></span> <span class='ocrx_word' id='word_1_70' title='bbox 1388 1280 1540 1317; x_wconf 85' lang='lat' dir='ltr'><em>carnis</em></span> <span class='ocrx_word' id='word_1_71' title='bbox 1587 1281 1635 1317; x_wconf 90' lang='lat' dir='ltr'><em>in</em></span> <span class='ocrx_word' id='word_1_72' title='bbox 1669 1279 2017 1328; x_wconf 65' lang='lat' dir='ltr'><em>quadragesima</em></span> 
     </span>
     <span class='ocr_line' id='line_1_13' title="bbox 508 1342 2016 1393; baseline 0.001 -13"><span class='ocrx_word' id='word_1_73' title='bbox 508 1342 695 1382; x_wconf 88' lang='lat' dir='ltr'><em>tollitur.</em></span> <span class='ocrx_word' id='word_1_74' title='bbox 752 1344 996 1382; x_wconf 84' lang='lat' dir='ltr'><em>Ieiunandi</em></span> <span class='ocrx_word' id='word_1_75' title='bbox 1050 1344 1318 1382; x_wconf 81' lang='lat' dir='ltr'><em>consuetudo</em></span> <span class='ocrx_word' id='word_1_76' title='bbox 1376 1344 1679 1382; x_wconf 86' lang='lat' dir='ltr'><em>instauratur.</em></span> <span class='ocrx_word' id='word_1_77' title='bbox 1742 1342 2016 1393; x_wconf 83' lang='lat' dir='ltr'><em>Spiritualia</em></span> 
     </span>
     <span class='ocr_line' id='line_1_14' title="bbox 506 1407 2017 1457; baseline 0 -13"><span class='ocrx_word' id='word_1_78' title='bbox 506 1408 716 1445; x_wconf 73' lang='lat' dir='ltr'><em>exercitia</em></span> <span class='ocrx_word' id='word_1_79' title='bbox 745 1408 852 1445; x_wconf 87' lang='lat' dir='ltr'><em>aliis</em></span> <span class='ocrx_word' id='word_1_80' title='bbox 880 1420 979 1446; x_wconf 84' lang='lat' dir='ltr'><em>cum</em></span> <span class='ocrx_word' id='word_1_81' title='bbox 1009 1409 1159 1456; x_wconf 79' lang='lat' dir='ltr'><em>fructu</em></span> <span class='ocrx_word' id='word_1_82' title='bbox 1187 1408 1590 1446; x_wconf 74' lang='lat' dir='ltr'><em>communicantur.</em></span> <span class='ocrx_word' id='word_1_83' title='bbox 1627 1408 1778 1457; x_wconf 78' lang='lat' dir='ltr'><em>Aliqui</em></span> <span class='ocrx_word' id='word_1_84' title='bbox 1825 1407 2017 1445; x_wconf 82' lang='lat' dir='ltr'><em>studiosi</em></span> 
     </span>
     <span class='ocr_line' id='line_1_15' title="bbox 506 1470 2018 1522; baseline 0 -13"><span class='ocrx_word' id='word_1_85' title='bbox 506 1470 626 1509; x_wconf 90' lang='lat' dir='ltr'><em>domi</em></span> <span class='ocrx_word' id='word_1_86' title='bbox 655 1472 949 1510; x_wconf 85' lang='lat' dir='ltr'><em>christianam</em></span> <span class='ocrx_word' id='word_1_87' title='bbox 980 1473 1229 1510; x_wconf 81' lang='lat' dir='ltr'><em>doctrinam</em></span> <span class='ocrx_word' id='word_1_88' title='bbox 1275 1472 1522 1511; x_wconf 83' lang='lat' dir='ltr'><em>edocentur.</em></span> <span class='ocrx_word' id='word_1_89' title='bbox 1567 1472 1698 1510; x_wconf 88' lang='lat' dir='ltr'><em>Liber</em></span> <span class='ocrx_word' id='word_1_90' title='bbox 1734 1472 2018 1522; x_wconf 84' lang='lat' dir='ltr'><em>precatorius</em></span> 
     </span>
     <span class='ocr_line' id='line_1_16' title="bbox 507 1536 2017 1586; baseline 0.001 -13"><span class='ocrx_word' id='word_1_91' title='bbox 507 1536 546 1573; x_wconf 92' lang='lat' dir='ltr'><em>et</em></span> <span class='ocrx_word' id='word_1_92' title='bbox 583 1536 885 1584; x_wconf 86' lang='lat' dir='ltr'><em>catechismus,</em></span> <span class='ocrx_word' id='word_1_93' title='bbox 935 1538 1133 1586; x_wconf 82' lang='lat' dir='ltr'><em>apposito</em></span> <span class='ocrx_word' id='word_1_94' title='bbox 1177 1537 1227 1576; x_wconf 89' lang='lat' dir='ltr'><em>P.</em></span> <span class='ocrx_word' id='word_1_95' title='bbox 1264 1536 1437 1575; x_wconf 84' lang='lat' dir='ltr'><em>Canisii</em></span> <span class='ocrx_word' id='word_1_96' title='bbox 1480 1538 1671 1584; x_wconf 85' lang='lat' dir='ltr'><em>nomine,</em></span> <span class='ocrx_word' id='word_1_97' title='bbox 1702 1536 1921 1582; x_wconf 86' lang='lat' dir='ltr'><em>eduntur;</em></span> <span class='ocrx_word' id='word_1_98' title='bbox 1949 1547 2017 1574; x_wconf 86' lang='lat' dir='ltr'><em>ve·</em></span> 
     </span>
     <span class='ocr_line' id='line_1_17' title="bbox 507 1601 2011 1649; baseline 0.001 -11"><span class='ocrx_word' id='word_1_99' title='bbox 507 1601 655 1649; x_wconf 76' lang='lat' dir='ltr'><em>tatque</em></span> <span class='ocrx_word' id='word_1_100' title='bbox 687 1601 851 1640; x_wconf 80' lang='lat' dir='ltr'><em>Caesar</em></span> <span class='ocrx_word' id='word_1_101' title='bbox 891 1614 945 1640; x_wconf 88' lang='lat' dir='ltr'><em>ne</em></span> <span class='ocrx_word' id='word_1_102' title='bbox 988 1602 1071 1640; x_wconf 78' lang='lat' dir='ltr'><em>alii</em></span> <span class='ocrx_word' id='word_1_103' title='bbox 1100 1602 1352 1640; x_wconf 81' lang='lat' dir='ltr'><em>catechismi</em></span> <span class='ocrx_word' id='word_1_104' title='bbox 1394 1604 1442 1640; x_wconf 89' lang='lat' dir='ltr'><em>in</em></span> <span class='ocrx_word' id='word_1_105' title='bbox 1471 1614 1556 1640; x_wconf 90' lang='lat' dir='ltr'><em>sua</em></span> <span class='ocrx_word' id='word_1_106' title='bbox 1598 1602 1764 1640; x_wconf 85' lang='lat' dir='ltr'><em>ditione</em></span> <span class='ocrx_word' id='word_1_107' title='bbox 1805 1601 2011 1640; x_wconf 87' lang='lat' dir='ltr'><em>edantur.</em></span> 
     </span>
     <span class='ocr_line' id='line_1_18' title="bbox 511 1665 2015 1715; baseline 0 -12"><span class='ocrx_word' id='word_1_108' title='bbox 511 1665 649 1703; x_wconf 86' lang='lat' dir='ltr'><em>Curat</em></span> <span class='ocrx_word' id='word_1_109' title='bbox 678 1667 862 1715; x_wconf 77' lang='lat' dir='ltr'><em>insuper</em></span> <span class='ocrx_word' id='word_1_110' title='bbox 891 1667 941 1705; x_wconf 91' lang='lat' dir='ltr'><em>P.</em></span> <span class='ocrx_word' id='word_1_111' title='bbox 977 1666 1187 1705; x_wconf 84' lang='lat' dir='ltr'><em>Canisius</em></span> <span class='ocrx_word' id='word_1_112' title='bbox 1216 1668 1265 1705; x_wconf 86' lang='lat' dir='ltr'><em>ut</em></span> <span class='ocrx_word' id='word_1_113' title='bbox 1298 1667 1400 1705; x_wconf 82' lang='lat' dir='ltr'><em>libri</em></span> <span class='ocrx_word' id='word_1_114' title='bbox 1429 1667 1632 1705; x_wconf 88' lang='lat' dir='ltr'><em>catholici</em></span> <span class='ocrx_word' id='word_1_115' title='bbox 1663 1667 1714 1704; x_wconf 90' lang='lat' dir='ltr'><em>ab</em></span> <span class='ocrx_word' id='word_1_116' title='bbox 1745 1667 1851 1705; x_wconf 82' lang='lat' dir='ltr'><em>aliis</em></span> <span class='ocrx_word' id='word_1_117' title='bbox 1884 1666 2015 1704; x_wconf 88' lang='lat' dir='ltr'><em>edan·</em></span> 
     </span>
     <span class='ocr_line' id='line_1_19' title="bbox 508 1730 2014 1779; baseline 0.001 -12"><span class='ocrx_word' id='word_1_118' title='bbox 508 1730 594 1778; x_wconf 88' lang='lat' dir='ltr'><em>tur,</em></span> <span class='ocrx_word' id='word_1_119' title='bbox 618 1731 694 1768; x_wconf 91' lang='lat' dir='ltr'><em>aut</em></span> <span class='ocrx_word' id='word_1_120' title='bbox 715 1731 878 1768; x_wconf 81' lang='lat' dir='ltr'><em>veteres</em></span> <span class='ocrx_word' id='word_1_121' title='bbox 907 1731 1192 1770; x_wconf 86' lang='lat' dir='ltr'><em>recudantur.</em></span> <span class='ocrx_word' id='word_1_122' title='bbox 1214 1732 1438 1770; x_wconf 86' lang='lat' dir='ltr'><em>Haeretici</em></span> <span class='ocrx_word' id='word_1_123' title='bbox 1459 1731 1783 1770; x_wconf 83' lang='lat' dir='ltr'><em>contionatorcs</em></span> <span class='ocrx_word' id='word_1_124' title='bbox 1803 1731 2014 1779; x_wconf 87' lang='lat' dir='ltr'><em>Iesuitas,</em></span> 
     </span>
     <span class='ocr_line' id='line_1_20' title="bbox 506 1795 2013 1843; baseline 0.001 -11"><span class='ocrx_word' id='word_1_125' title='bbox 506 1795 556 1832; x_wconf 88' lang='lat' dir='ltr'><em>ut</em></span> <span class='ocrx_word' id='word_1_126' title='bbox 584 1795 656 1833; x_wconf 90' lang='lat' dir='ltr'><em>illi</em></span> <span class='ocrx_word' id='word_1_127' title='bbox 686 1795 852 1843; x_wconf 89' lang='lat' dir='ltr'><em>dicunt,</em></span> <span class='ocrx_word' id='word_1_128' title='bbox 884 1796 923 1833; x_wconf 88' lang='lat' dir='ltr'><em>et</em></span> <span class='ocrx_word' id='word_1_129' title='bbox 955 1796 1004 1834; x_wconf 91' lang='lat' dir='ltr'><em>P.</em></span> <span class='ocrx_word' id='word_1_130' title='bbox 1040 1796 1274 1835; x_wconf 82' lang='lat' dir='ltr'><em>Canisium</em></span> <span class='ocrx_word' id='word_1_131' title='bbox 1304 1797 1596 1835; x_wconf 83' lang='lat' dir='ltr'><em>insectantur.</em></span> <span class='ocrx_word' id='word_1_132' title='bbox 1629 1797 1880 1835; x_wconf 88' lang='lat' dir='ltr'><em>Lutherani</em></span> <span class='ocrx_word' id='word_1_133' title='bbox 1919 1795 2013 1834; x_wconf 86' lang='lat' dir='ltr'><em>doc-</em></span> 
     </span>
     <span class='ocr_line' id='line_1_21' title="bbox 509 1860 2016 1911; baseline 0.001 -14"><span class='ocrx_word' id='word_1_134' title='bbox 509 1860 623 1898; x_wconf 81' lang='lat' dir='ltr'><em>tores</em></span> <span class='ocrx_word' id='word_1_135' title='bbox 674 1860 907 1898; x_wconf 86' lang='lat' dir='ltr'><em>Canisium</em></span> <span class='ocrx_word' id='word_1_136' title='bbox 953 1862 1281 1899; x_wconf 82' lang='lat' dir='ltr'><em>contionantem</em></span> <span class='ocrx_word' id='word_1_137' title='bbox 1327 1862 1556 1911; x_wconf 64' lang='lat' dir='ltr'><em>Augustae</em></span> <span class='ocrx_word' id='word_1_138' title='bbox 1604 1862 1809 1900; x_wconf 86' lang='lat' dir='ltr'><em>audiunt.</em></span> <span class='ocrx_word' id='word_1_139' title='bbox 1859 1861 2016 1899; x_wconf 89' lang='lat' dir='ltr'><em>Patris</em></span> 
     </span>
     <span class='ocr_line' id='line_1_22' title="bbox 510 1923 2015 1975; baseline 0.001 -13"><span class='ocrx_word' id='word_1_140' title='bbox 510 1923 683 1963; x_wconf 87' lang='lat' dir='ltr'><em>Canisii</em></span> <span class='ocrx_word' id='word_1_141' title='bbox 704 1926 963 1975; x_wconf 88' lang='lat' dir='ltr'><em>praesentia</em></span> <span class='ocrx_word' id='word_1_142' title='bbox 985 1926 1022 1963; x_wconf 89' lang='lat' dir='ltr'><em>et</em></span> <span class='ocrx_word' id='word_1_143' title='bbox 1043 1938 1175 1974; x_wconf 83' lang='lat' dir='ltr'><em>opera</em></span> <span class='ocrx_word' id='word_1_144' title='bbox 1196 1926 1435 1975; x_wconf 64' lang='lat' dir='ltr'><em>Augustae,</em></span> <span class='ocrx_word' id='word_1_145' title='bbox 1459 1938 1548 1964; x_wconf 90' lang='lat' dir='ltr'><em>non</em></span> <span class='ocrx_word' id='word_1_146' title='bbox 1569 1926 1715 1964; x_wconf 85' lang='lat' dir='ltr'><em>solum</em></span> <span class='ocrx_word' id='word_1_147' title='bbox 1736 1926 1808 1964; x_wconf 91' lang='lat' dir='ltr'><em>illi</em></span> <span class='ocrx_word' id='word_1_148' title='bbox 1828 1926 2015 1972; x_wconf 85' lang='lat' dir='ltr'><em>civitati,</em></span> 
     </span>
     <span class='ocr_line' id='line_1_23' title="bbox 505 1990 1051 2029; baseline 0.004 -2"><span class='ocrx_word' id='word_1_149' title='bbox 505 1990 581 2027; x_wconf 87' lang='lat' dir='ltr'><em>sed</em></span> <span class='ocrx_word' id='word_1_150' title='bbox 610 1990 716 2028; x_wconf 88' lang='lat' dir='ltr'><em>aliis</em></span> <span class='ocrx_word' id='word_1_151' title='bbox 746 1991 879 2028; x_wconf 84' lang='lat' dir='ltr'><em>etiam</em></span> <span class='ocrx_word' id='word_1_152' title='bbox 908 1990 1051 2029; x_wconf 58' lang='lat' dir='ltr'><em>utilis</em></span> 
     </span>
    </p>
   </div>
   <div class='ocr_carea' id='block_1_5' title="bbox 1153 2187 1264 2236">
    <p class='ocr_par' dir='ltr' id='par_1_5' title="bbox 1153 2187 1264 2236">
     <span class='ocr_line' id='line_1_24' title="bbox 1153 2187 1264 2236; baseline 0 0"><span class='ocrx_word' id='word_1_153' title='bbox 1153 2187 1264 2236; x_wconf 90' lang='lat'><em>525</em></span> 
     </span>
    </p>
   </div>
   <div class='ocr_carea' id='block_1_6' title="bbox 858 2318 1546 2386">
    <p class='ocr_par' dir='ltr' id='par_1_6' title="bbox 858 2318 1546 2386">
     <span class='ocr_line' id='line_1_25' title="bbox 858 2318 1546 2386; baseline 0.004 -3"><span class='ocrx_word' id='word_1_154' title='bbox 858 2334 1180 2384; x_wconf 69' lang='grc' dir='ltr'><em>ιοεΕΡΗυε</em></span> <span class='ocrx_word' id='word_1_155' title='bbox 1229 2318 1546 2386; x_wconf 63' lang='grc' dir='ltr'><em>ςυῐΜΕΒᾹ</em></span> 
     </span>
    </p>
   </div>
   <div class='ocr_carea' id='block_1_7' title="bbox 951 2449 1458 2486">
    <p class='ocr_par' dir='ltr' id='par_1_7' title="bbox 951 2449 1458 2486">
     <span class='ocr_line' id='line_1_26' title="bbox 951 2449 1458 2486; baseline 0.006 -3"><span class='ocrx_word' id='word_1_156' title='bbox 951 2459 1097 2484; x_wconf 83' lang='lat' dir='ltr'>OCANIA</span> <span class='ocrx_word' id='word_1_157' title='bbox 1129 2449 1172 2484; x_wconf 70' lang='lat'>14</span> <span class='ocrx_word' id='word_1_158' title='bbox 1198 2460 1287 2485; x_wconf 84' lang='lat' dir='ltr'>MAII</span> <span class='ocrx_word' id='word_1_159' title='bbox 1319 2450 1403 2485; x_wconf 79' lang='lat'>1561</span> <span class='ocrx_word' id='word_1_160' title='bbox 1432 2450 1458 2486; x_wconf 71' lang='lat'><em>2.</em></span> 
     </span>
    </p>
   </div>
   <div class='ocr_carea' id='block_1_8' title="bbox 398 2567 2017 2681">
    <p class='ocr_par' dir='ltr' id='par_1_8' title="bbox 398 2567 2017 2681">
     <span class='ocr_line' id='line_1_27' title="bbox 398 2567 2017 2619; baseline 0.001 -14"><span class='ocrx_word' id='word_1_161' title='bbox 398 2571 436 2606; x_wconf 89' lang='lat'><em>1.</em></span> <span class='ocrx_word' id='word_1_162' title='bbox 462 2567 693 2606; x_wconf 83' lang='lat' dir='ltr'><em>Sociorum</em></span> <span class='ocrx_word' id='word_1_163' title='bbox 713 2580 929 2606; x_wconf 86' lang='lat' dir='ltr'><em>numerus</em></span> <span class='ocrx_word' id='word_1_164' title='bbox 951 2570 1122 2608; x_wconf 87' lang='lat' dir='ltr'><em>auctus.</em></span> <span class='ocrx_word' id='word_1_165' title='bbox 1150 2568 1402 2608; x_wconf 82' lang='lat' dir='ltr'><em>Candidati.</em></span> <span class='ocrx_word' id='word_1_166' title='bbox 1427 2592 1476 2596; x_wconf 93' lang='lat'><strong>—</strong></span> <span class='ocrx_word' id='word_1_167' title='bbox 1497 2574 1538 2608; x_wconf 89' lang='lat'><em>2.</em></span> <span class='ocrx_word' id='word_1_168' title='bbox 1561 2569 1822 2609; x_wconf 82' lang='lat' dir='ltr'><em>Scholastici</em></span> <span class='ocrx_word' id='word_1_169' title='bbox 1853 2569 2017 2619; x_wconf 87' lang='lat' dir='ltr'><em>paulu-</em></span> 
     </span>
     <span class='ocr_line' id='line_1_28' title="bbox 508 2631 2015 2681; baseline 0.001 -11"><span class='ocrx_word' id='word_1_170' title='bbox 508 2633 601 2671; x_wconf 89' lang='lat' dir='ltr'><em>lum</em></span> <span class='ocrx_word' id='word_1_171' title='bbox 632 2634 678 2670; x_wconf 87' lang='lat' dir='ltr'><em>in</em></span> <span class='ocrx_word' id='word_1_172' title='bbox 709 2633 880 2670; x_wconf 86' lang='lat' dir='ltr'><em>malum</em></span> <span class='ocrx_word' id='word_1_173' title='bbox 910 2631 1193 2681; x_wconf 84' lang='lat' dir='ltr'><em>declinantes,</em></span> <span class='ocrx_word' id='word_1_174' title='bbox 1216 2635 1264 2672; x_wconf 85' lang='lat' dir='ltr'><em>in</em></span> <span class='ocrx_word' id='word_1_175' title='bbox 1285 2635 1450 2672; x_wconf 84' lang='lat' dir='ltr'><em>rectam</em></span> <span class='ocrx_word' id='word_1_176' title='bbox 1472 2636 1591 2673; x_wconf 86' lang='lat' dir='ltr'><em>viam</em></span> <span class='ocrx_word' id='word_1_177' title='bbox 1621 2635 1901 2673; x_wconf 77' lang='lat' dir='ltr'><em>revocantur.</em></span> <span class='ocrx_word' id='word_1_178' title='bbox 1931 2633 2015 2680; x_wconf 77' lang='lat' dir='ltr'><em>Qui</em></span> 
     </span>
    </p>
   </div>
   <div class='ocr_carea' id='block_1_9' title="bbox 399 2772 2016 3078">
    <p class='ocr_par' dir='ltr' id='par_1_9' title="bbox 399 2772 2016 2964">
     <span class='ocr_line' id='line_1_29' title="bbox 462 2772 2016 2815; baseline 0.001 -12"><span class='ocrx_word' id='word_1_179' title='bbox 462 2774 471 2790; x_wconf 86' lang='lat'>¹</span> <span class='ocrx_word' id='word_1_180' title='bbox 494 2772 624 2804; x_wconf 81' lang='lat' dir='ltr'><em>Exstat</em></span> <span class='ocrx_word' id='word_1_181' title='bbox 646 2773 841 2813; x_wconf 78' lang='lat' dir='ltr'><em>originalis</em></span> <span class='ocrx_word' id='word_1_182' title='bbox 864 2773 902 2804; x_wconf 83' lang='lat' dir='ltr'><em>in</em></span> <span class='ocrx_word' id='word_1_183' title='bbox 926 2773 1003 2805; x_wconf 75' lang='lat' dir='ltr'><em>cod.</em></span> <span class='ocrx_word' id='word_1_184' title='bbox 1033 2773 1159 2805; x_wconf 75' lang='lat' dir='ltr'><em>Germ.</em></span> <span class='ocrx_word' id='word_1_185' title='bbox 1186 2774 1256 2804; x_wconf 63' lang='lat'>1251)</span> <span class='ocrx_word' id='word_1_186' title='bbox 1279 2773 1314 2805; x_wconf 84' lang='lat' dir='ltr'><em>ff.</em></span> <span class='ocrx_word' id='word_1_187' title='bbox 1340 2775 1390 2809; x_wconf 79' lang='lat'><em>79,</em></span> <span class='ocrx_word' id='word_1_188' title='bbox 1414 2775 1471 2809; x_wconf 77' lang='lat'><em>80:</em></span> <span class='ocrx_word' id='word_1_189' title='bbox 1511 2774 1614 2815; x_wconf 82' lang='lat' dir='ltr'><em>prius</em></span> <span class='ocrx_word' id='word_1_190' title='bbox 1639 2775 1708 2812; x_wconf 70' lang='grc'><strong>112,</strong></span> <span class='ocrx_word' id='word_1_191' title='bbox 1736 2774 1794 2805; x_wconf 90' lang='grc'><em>113</em></span> <span class='ocrx_word' id='word_1_192' title='bbox 1821 2774 1906 2814; x_wconf 83' lang='grc'><strong>(105,</strong></span> <span class='ocrx_word' id='word_1_193' title='bbox 1940 2772 2016 2813; x_wconf 72' lang='lat'><em>106)=</em></span> 
     </span>
     <span class='ocr_line' id='line_1_30' title="bbox 399 2825 2014 2867; baseline 0.001 -11"><span class='ocrx_word' id='word_1_194' title='bbox 399 2825 509 2857; x_wconf 84' lang='lat' dir='ltr'><em>Aliud</em></span> <span class='ocrx_word' id='word_1_195' title='bbox 532 2826 738 2866; x_wconf 79' lang='lat' dir='ltr'><em>exemplum</em></span> <span class='ocrx_word' id='word_1_196' title='bbox 761 2826 816 2857; x_wconf 80' lang='lat' dir='ltr'><em>est</em></span> <span class='ocrx_word' id='word_1_197' title='bbox 841 2826 877 2857; x_wconf 93' lang='lat' dir='ltr'><em>in</em></span> <span class='ocrx_word' id='word_1_198' title='bbox 901 2826 978 2857; x_wconf 84' lang='lat' dir='ltr'><em>cod.</em></span> <span class='ocrx_word' id='word_1_199' title='bbox 1015 2826 1141 2858; x_wconf 64' lang='lat' dir='ltr'><em>Germ.</em></span> <span class='ocrx_word' id='word_1_200' title='bbox 1167 2826 1249 2858; x_wconf 59' lang='lat'><em>14:2².</em></span> <span class='ocrx_word' id='word_1_201' title='bbox 1282 2826 1316 2859; x_wconf 84' lang='lat' dir='ltr'><em>ff.</em></span> <span class='ocrx_word' id='word_1_202' title='bbox 1353 2828 1403 2865; x_wconf 77' lang='grc'><strong>4-1,</strong></span> <span class='ocrx_word' id='word_1_203' title='bbox 1439 2828 1488 2859; x_wconf 66' lang='grc'><em>42.</em></span> <span class='ocrx_word' id='word_1_204' title='bbox 1526 2827 1612 2859; x_wconf 86' lang='lat' dir='ltr'><em>Fere</em></span> <span class='ocrx_word' id='word_1_205' title='bbox 1645 2827 1791 2867; x_wconf 81' lang='lat' dir='ltr'><em>integra</em></span> <span class='ocrx_word' id='word_1_206' title='bbox 1824 2827 1924 2858; x_wconf 82' lang='lat' dir='ltr'><em>edita</em></span> <span class='ocrx_word' id='word_1_207' title='bbox 1957 2826 2014 2858; x_wconf 79' lang='lat' dir='ltr'><em>est</em></span> 
     </span>
     <span class='ocr_line' id='line_1_31' title="bbox 399 2878 2015 2921; baseline 0 -11"><span class='ocrx_word' id='word_1_208' title='bbox 399 2878 497 2919; x_wconf 75' lang='lat' dir='ltr'><em>apud</em></span> <span class='ocrx_word' id='word_1_209' title='bbox 520 2878 829 2910; x_wconf 73' lang='lat' dir='ltr'>BRAUNSBERGER:</span> <span class='ocrx_word' id='word_1_210' title='bbox 856 2878 898 2911; x_wconf 87' lang='grc' dir='ltr'><em>Β.</em></span> <span class='ocrx_word' id='word_1_211' title='bbox 924 2878 1032 2911; x_wconf 72' lang='lat' dir='ltr'><em>Petri</em></span> <span class='ocrx_word' id='word_1_212' title='bbox 1068 2880 1225 2911; x_wconf 56' lang='lat' dir='ltr'><em>(s&#39;anisii</em></span> <span class='ocrx_word' id='word_1_213' title='bbox 1260 2880 1393 2921; x_wconf 65' lang='lat' dir='ltr'><em>Epist„</em></span> <span class='ocrx_word' id='word_1_214' title='bbox 1420 2880 1481 2919; x_wconf 89' lang='grc' dir='ltr'><strong>ΙΙΙ,</strong></span> <span class='ocrx_word' id='word_1_215' title='bbox 1506 2881 1653 2919; x_wconf 82' lang='grc'><strong>593-596,</strong></span> <span class='ocrx_word' id='word_1_216' title='bbox 1679 2881 1714 2912; x_wconf 81' lang='lat' dir='ltr'><em>et</em></span> <span class='ocrx_word' id='word_1_217' title='bbox 1744 2880 1892 2912; x_wconf 79' lang='lat'>800-801.</span> <span class='ocrx_word' id='word_1_218' title='bbox 1929 2879 2015 2911; x_wconf 82' lang='lat' dir='ltr'><em>Ideo</em></span> 
     </span>
     <span class='ocr_line' id='line_1_32' title="bbox 400 2932 805 2964; baseline 0 -1"><span class='ocrx_word' id='word_1_219' title='bbox 400 2941 480 2964; x_wconf 86' lang='lat' dir='ltr'><em>eam</em></span> <span class='ocrx_word' id='word_1_220' title='bbox 504 2932 563 2963; x_wconf 85' lang='lat' dir='ltr'><em>hic</em></span> <span class='ocrx_word' id='word_1_221' title='bbox 587 2933 805 2964; x_wconf 77' lang='lat' dir='ltr'><em>omittimus.</em></span> 
     </span>
    </p>

    <p class='ocr_par' dir='ltr' id='par_1_10' title="bbox 400 2984 2012 3078">
     <span class='ocr_line' id='line_1_33' title="bbox 461 2984 2012 3028; baseline 0.001 -12"><span class='ocrx_word' id='word_1_222' title='bbox 461 2987 472 3003; x_wconf 72' lang='lat'><strong>2</strong></span> <span class='ocrx_word' id='word_1_223' title='bbox 496 2984 547 3016; x_wconf 87' lang='lat' dir='ltr'><em>Ex</em></span> <span class='ocrx_word' id='word_1_224' title='bbox 570 2985 782 3026; x_wconf 79' lang='lat' dir='ltr'><em>apographo</em></span> <span class='ocrx_word' id='word_1_225' title='bbox 805 2994 938 3017; x_wconf 82' lang='lat' dir='ltr'><em>coaevo</em></span> <span class='ocrx_word' id='word_1_226' title='bbox 962 2986 1000 3016; x_wconf 90' lang='lat' dir='ltr'><em>in</em></span> <span class='ocrx_word' id='word_1_227' title='bbox 1023 2985 1100 3017; x_wconf 84' lang='lat' dir='ltr'><em>cod.</em></span> <span class='ocrx_word' id='word_1_228' title='bbox 1130 2985 1237 3026; x_wconf 65' lang='grc' dir='ltr'><em>[Περ.</em></span> <span class='ocrx_word' id='word_1_229' title='bbox 1263 2986 1322 3019; x_wconf 65' lang='lat'><em>99,</em></span> <span class='ocrx_word' id='word_1_230' title='bbox 1348 2986 1370 3018; x_wconf 85' lang='lat' dir='ltr'><em>f.</em></span> <span class='ocrx_word' id='word_1_231' title='bbox 1395 2987 1473 3026; x_wconf 68' lang='lat'><em>2083</em></span> <span class='ocrx_word' id='word_1_232' title='bbox 1499 2987 1602 3028; x_wconf 75' lang='lat' dir='ltr'><em>prius</em></span> <span class='ocrx_word' id='word_1_233' title='bbox 1625 2987 1695 3019; x_wconf 58' lang='lat'><em>1523.</em></span> <span class='ocrx_word' id='word_1_234' title='bbox 1722 2986 1851 3018; x_wconf 75' lang='lat' dir='ltr'><em>Exstat</em></span> <span class='ocrx_word' id='word_1_235' title='bbox 1881 2994 2012 3027; x_wconf 83' lang='lat' dir='ltr'><em>apogr.</em></span> 
     </span>
     <span class='ocr_line' id='line_1_34' title="bbox 400 3037 1120 3078; baseline 0.001 -10"><span class='ocrx_word' id='word_1_236' title='bbox 400 3038 439 3068; x_wconf 89' lang='lat' dir='ltr'><em>in</em></span> <span class='ocrx_word' id='word_1_237' title='bbox 462 3037 601 3069; x_wconf 80' lang='lat' dir='ltr'><em>archiv.</em></span> <span class='ocrx_word' id='word_1_238' title='bbox 626 3037 805 3069; x_wconf 81' lang='lat' dir='ltr'><em>colonien.</em></span> <span class='ocrx_word' id='word_1_239' title='bbox 830 3038 1008 3078; x_wconf 75' lang='lat' dir='ltr'><em>(HANSEN.</em></span> <span class='ocrx_word' id='word_1_240' title='bbox 1033 3038 1120 3077; x_wconf 79' lang='lat'><em>768).</em></span> 
     </span>
    </p>
   </div>
   <div class='ocr_carea' id='block_1_10' title="bbox 2059 1751 2099 3516">
    <p class='ocr_par' dir='ltr' id='par_1_11' title="bbox 2059 1751 2099 3516">
     <span class='ocr_line' id='line_1_35' title="bbox 2059 1751 2099 3516; baseline 0 0"><span class='ocrx_word' id='word_1_241' title='bbox 2059 1751 2099 3516; x_wconf 95' lang='lat' dir='ltr'><em> </em></span> 
     </span>
    </p>
   </div>
  </div>
 </body>
</html>
