2099 3516
511 250 592 285 568.
622 271 667 274 —
695 251 876 286 PAalsns
907 252 918 285 l
951 250 1206 286 SEPTEMBRIS
1238 251 1323 285 1561
1620 252 1689 287 489

188 367 225 406 ὃ.
259 367 390 406 Hisce
419 367 576 407 diebus
608 368 908 408 Romanorum
940 368 1178 418 imperator
1200 370 1210 391 ¹
1235 368 1288 407 ad
1321 368 1517 419 reginam
1551 371 1734 408 matrem

108 431 227 470 dedit
270 431 435 479 literas,
480 432 644 482 quibus
688 433 846 472 nititur
874 433 1138 483 persuadere
1167 430 1422 471 sodalitium
1456 435 1657 472 nostrum
1688 433 1733 472 in

107 495 190 534 hoc
232 508 367 546 regno
414 496 737 536 admittendum
785 509 892 537 esse.
942 497 1121 547 Accepit
1160 497 1238 536 illa
1281 497 1446 544 literas,
1492 497 1651 545 legita,
1684 509 1735 537 ac

108 561 227 599 Patri
258 561 417 600 Pontio
447 573 621 601 omnem
653 575 779 602 suam
810 574 985 613 operam
1020 562 1237 612 promisit.

185 627 224 665 6.
257 626 387 665 Pater
416 627 684 666 Paschasius
713 628 743 674 2,
777 639 921 667 rerum
952 627 1184 666 Societatis
1205 630 1382 666 nostrae
1412 627 1608 677 optimus
1639 639 1735 678 pro-

105 693 282 730 curator
310 693 351 730 et
382 694 518 742 pater,
552 692 722 732 nullum
755 704 844 732 non
875 694 1024 731 mouet
1070 692 1263 742 lapidem
1312 694 1359 731 ut
1402 692 1598 732 Societas
1629 692 1734 731 reci-

106 756 266 807 piatur,
291 756 518 807 maiorque
548 769 649 807 pars
680 758 766 796 diei
797 758 879 796 hac
909 757 954 796 in
986 769 1029 796 re
1059 758 1115 796 ab
1136 769 1186 796 eo
1212 757 1486 803 absumitur3
1511 757 1733 807 reliquum

104 821 221 872 quod
270 824 470 872 superest
516 822 742 873 temporis,
791 822 1149 862 confessionibus
1197 822 1433 861 audiendis
1479 824 1521 862 et
1550 834 1735 861 oecono—

104 885 218 925 miae
247 884 266 911 b
297 886 535 937 impendit;
569 887 766 938 adeoque
796 887 949 927 nullus
979 887 1017 925 ei
1048 887 1179 926 datur
1208 886 1347 933 locus,
1380 899 1468 937 quo
1499 898 1734 926 senescens

103 962 264 1001 corpus
292 951 573 1001 aliquantula
604 953 872 992 recreatione
902 952 1201 1002 conquiescat.
1240 952 1418 1003 Reliqui
1451 953 1603 992 Patres
1632 964 1734 991 con-

103 1015 375 1055 fessionibus
404 1017 602 1067 quotidie
632 1017 867 1057 audiendis
896 1019 1170 1067 occupantur
1200 1017 1245 1056 in
1267 1017 1468 1068 proximo
1489 1017 1668 1068 templo,
1692 1018 1734 1056 et

103 1080 261 1120 diebus
291 1080 415 1120 festis
445 1082 491 1121 in
522 1082 628 1121 aede
658 1082 708 1122 D.
733 1082 965 1133 Germanj;
990 1082 1208 1134 reliquum
1232 1082 1443 1133 temporis
1465 1082 1730 1132 inpendunt,

102 1145 218 1185 sicut
246 1148 287 1185 et
317 1146 474 1186 fratres
503 1148 748 1195 domestici,
781 1148 1008 1187 literarum
1030 1148 1193 1199 studijs
1214 1150 1256 1187 et
1276 1148 1556 1187 orationibus
1577 1148 1730 1187 sacris.

182 1211 218 1251 7.
252 1211 389 1251 Binos
414 1211 589 1263 jamdiu
620 1213 777 1252 fratres
807 1213 955 1252 itineri
1004 1225 1188 1252 romano
1231 1213 1574 1260 destinauimus,
1620 1225 1733 1264 quos

102 1276 188 1316 iam
220 1289 355 1328 prope
385 1278 570 1317 Romam
601 1290 697 1318 esse
727 1279 995 1318 arbitramur
1024 1280 1053 1319 ³.
1086 1279 1219 1318 Hisce
1253 1279 1412 1319 diebus
1441 1279 1605 1330 elapsis
1644 1291 1733 1318 ma-

101 1341 287 1393 gistrum
318 1342 551 1383 Nicolaum
581 1344 836 1383 Lietarduin
866 1346 908 1384 et
937 1344 1077 1384 alium
1108 1344 1287 1384 fratrem
1316 1343 1609 1384 domesticum
1631 1356 1732 1384 cum

101 1410 293 1458 quatuor
339 1408 441 1460 alijS
483 1409 560 1460 qui
591 1409 852 1449 Societatem
884 1409 1056 1461 ingredi
1087 1409 1288 1460 cupiunt,
1321 1409 1375 1449 ad
1407 1410 1459 1450 R.
1493 1410 1540 1449 P.
1574 1410 1622 1450 T.
1654 1409 1733 1449 mi-

101 1472 242 1512 simus
271 1475 309 1520 4;
342 1485 530 1525 quorum
562 1474 712 1514 iunior
751 1474 879 1514 facile
909 1474 955 1513 in
985 1474 1102 1526 regis
1131 1474 1439 1514 consiliarium
1482 1476 1576 1514 erat
1604 1486 1732 1526 coap-

101 1538 264 1578 tandus
294 1538 513 1578 absolutis
543 1539 691 1590 legum
721 1539 898 1591 studijS.
933 1540 1103 1579 Interea
1133 1539 1346 1590 quoniam
1382 1539 1503 1591 uiget
1533 1539 1732 1580 Lutetiae

101 1615 150 1642 ac
179 1605 404 1643 crassatur
435 1603 529 1656 [sic]
561 1604 608 1644 in
638 1605 732 1644 dies
754 1605 895 1656 magis
917 1605 1098 1644 morbus
1120 1604 1158 1645 is
1181 1606 1326 1656 (quem
1349 1606 1516 1656 pestem
1538 1606 1730 1656 vocant),

100 1680 155 1708 ne
185 1669 295 1708 fines
325 1671 518 1717 nostros,
550 1669 686 1709 immo
716 1682 796 1709 nec
825 1670 997 1710 alienos
1026 1670 1215 1710 ulterius
1244 1670 1444 1718 inuadat,
1484 1670 1678 1721 petimus
1706 1682 1732 1710 a

100 1734 151 1774 R.
183 1734 231 1773 P.
264 1734 313 1773 Τ.
346 1734 496 1774 iubeat
525 1734 750 1774 orationes
779 1747 804 1774 a
834 1735 1042 1775 Patribus
1073 1737 1113 1774 et
1144 1735 1357 1775 fratribus
1386 1735 1495 1775 fieri.
1527 1735 1590 1775 De
1610 1737 1732 1786 peste

99 1797 177 1837 illa
205 1810 319 1849 quae
348 1798 524 1838 animos
553 1798 727 1838 obsidet
755 1801 797 1840 et
827 1811 918 1839 non
947 1811 1146 1850 corpora,
1175 1800 1345 1839 nullam
1367 1800 1439 1839 hic
1460 1799 1731 1840 mentionem

98 1863 227 1912 facio,
259 1875 444 1914 sperans
472 1864 656 1904 cuilibet
685 1864 931 1904 christiano
961 1864 1006 1904 id
1036 1865 1201 1916 negotij
1246 1864 1357 1904 satis
1385 1876 1482 1904 esse
1511 1877 1732 1905 commen-

98 1927 266 1976 datum,
298 1929 336 1968 si
366 1929 497 1969 modo
527 1929 676 1981 diligit
704 1930 953 1981 proximum
977 1942 1107 1970 suum
1129 1942 1268 1981 aeque
1289 1942 1339 1970 ac
1359 1942 1406 1970 se
1426 1930 1588 1981 ipsum.
1612 1930 1731 1971 Bene

97 1993 243 2032 valeat
272 1993 323 2033 R.
355 1993 404 2034 P.
438 1993 487 2034 T.
520 1993 567 2033 in
597 1993 713 2034 Chro
743 1994 856 2034 Dno.
878 1995 998 2043 Jesu,
1021 2006 1157 2046 quam
1187 2007 1270 2034 nos
1300 2003 1315 2022 0
1348 2006 1503 2034 omnes
1525 1995 1730 2046 precibus

97 2059 138 2097 et
167 2057 398 2110 sacrificijs
427 2058 538 2106 suis,
571 2060 619 2098 ut
648 2058 772 2099 iuuet
801 2059 1100 2105 obsecramus.
1135 2058 1226 2100 Cal.
1259 2059 1480 2110 Septemb.
1515 2059 1632 2099 1561.

204 2123 256 2163 R.
290 2123 337 2163 P.
370 2123 419 2164 T.
452 2123 667 2176 indignus
696 2124 833 2164 filius.

1227 2178 1297 2218 Jo.
1330 2178 1560 2218 RINATTUS
1590 2180 1620 2218 ⁵.

202 2265 266 2304 Ex
298 2265 505 2305 mandato
535 2266 681 2306 Patris
710 2266 1015 2317 prouincialis.

202 2330 295 2370 Fol.
327 2331 427 2370 57⁸⁷.
461 2330 815 2380 Quadrimestres
843 2331 1020 2383 collegii
1050 2331 1326 2382 parisiensis.

157 2484 175 2503 a
195 2476 357 2509 Emend.
382 2486 430 2509 eae
453 2477 620 2519 perlegit.
645 2497 685 2501 —
708 2478 727 2504 b
747 2477 886 2510 Praec.
921 2487 957 2511 v.
992 2478 1038 2510 in
1073 2487 1213 2520 margy„
1246 2478 1367 2511 deleto
1401 2478 1446 2510 in
1480 2480 1598 2514 textu,
1630 2478 1728 2519 quia

95 2529 258 2562 obscure
281 2532 507 2563 amaratum.
532 2549 571 2553 —
595 2539 610 2558 c
630 2530 756 2563 Prius
786 2540 939 2573 nosque.

158 2661 168 2678 ¹
193 2659 450 2693 Ferdinandus
474 2661 501 2694 Ι.

157 2715 169 2732 ²
191 2713 228 2746 P.
255 2713 481 2746 Paschasius
504 2714 625 2753 Broet,
649 2714 791 2748 Galliae
813 2724 915 2756 prOV.
941 2715 1188 2757 praepositus.

156 2767 169 2786 ⁸
192 2766 242 2799 Cf.
272 2766 398 2808 Epist.
424 2767 501 2799 ΡΡ.
526 2767 695 2805 Broet...,
723 2769 793 2801 189.

157 2821 169 2839 ⁴
191 2820 298 2859 Ibid.‚
325 2821 396 2853 192.

156 2874 169 2893 ⁵
190 2873 232 2905 In
255 2869 446 2915 responsis
483 2875 529 2907 ad
562 2875 877 2917 interrogationes
911 2875 948 2909 Ρ.
974 2875 1091 2908 Nadal
1114 2876 1192 2917 (III,
1218 2877 1292 2918 237)
1323 2876 1422 2909 datis
1446 2876 1603 2908 Tornaci
1627 2884 1726 2908 anno

95 2926 186 2966 1562,
212 2927 303 2959 dicit
327 2927 426 2959 inter
448 2928 523 2960 alia
546 2937 585 2961 se
608 2938 689 2961 esse
712 2938 757 2961 ex
780 2929 940 2962 dioecesi
966 2930 1163 2962 viennensi
1188 2930 1227 2962 in
1251 2929 1491 2971 Delphinatu‚
1515 2929 1674 2971 triginta
1689 2930 1726 2963 et

94 2979 187 3011 duos
221 2980 357 3012 aetatis
381 2990 500 3013 annos
533 2982 663 3014 natum
697 2982 733 3014 et
756 2982 968 3023 ingressum
1002 2981 1224 3015 Societatem
1259 2982 1397 3015 Romae
1431 2983 1518 3015 ante
1547 2983 1727 3024 quattuor

95 3041 224 3072 annos,
250 3033 286 3065 et
308 3033 425 3066 fuisse
449 3034 604 3066 Parisiis
628 3036 664 3067 et
686 3034 855 3068 Tornaci.
