2099 3516
391 280 462 315 678
866 278 1070 315 LITTERAE
1095 279 1440 324 QUADRIMESTRES

343 398 475 447 lochi‚
507 398 712 438 andando
742 397 773 437 il
804 398 849 438 P.
882 398 1032 437 nostro
1061 397 1333 447 predicatore
1362 399 1374 422 1
1405 409 1554 448 spesse
1597 398 1697 437 flate
1724 398 1843 438 nella
1871 400 1957 439 set-

344 463 509 502 timana
540 463 585 502 in
615 462 780 502 diuersi
811 461 1065 513 monasterij
1097 461 1141 501 di
1172 462 1385 502 monache
1429 462 1483 502 ad
1521 474 1732 513 esponere
1761 463 1792 502 il
1822 464 1957 503 uerbo

343 527 520 576 diuino;
554 528 585 567 il
614 528 693 567 che
722 530 763 567 et
792 527 892 567 altri
922 538 1057 566 ancor
1085 526 1220 566 fanno
1249 539 1339 566 non
1369 527 1464 567 solo
1494 539 1548 567 ne
1583 528 1855 579 monasterii,
1887 540 1958 568 ma

343 593 458 634 nelle
499 592 692 644 prigioni
735 594 777 631 et
811 591 1036 643 hospitali.
1067 591 1125 630 Le
1167 591 1437 632 confessioni
1472 593 1514 631 et
1545 592 1847 632 communioni
1876 604 1957 632 son

343 659 478 705 tante,
508 657 589 696 che
618 668 694 707 per
722 657 886 707 grande
915 655 1223 696 ammiratione
1244 667 1325 695 son
1354 656 1482 707 quasi
1511 658 1710 705 astratto‚
1733 659 1774 696 et
1802 658 1958 708 questo

344 722 660 773 magiormente
688 721 1009 761 considerando
1039 720 1291 771 l'angustia
1319 723 1360 760 et
1389 723 1616 761 strettezza
1648 721 1763 761 della
1792 721 1956 770 chiesa,

342 789 384 826 et
413 786 444 826 il
474 798 658 826 numero
687 786 739 825 de
768 785 1131 837 gientilhuomini
1173 785 1253 825 che
1295 785 1372 837 qui
1415 798 1491 837 per
1532 786 1690 838 cagion
1718 785 1763 826 di
1792 786 1958 826 confes-

342 850 455 890 sarsi
485 862 768 890 concorrono.
803 850 838 889 11
867 850 946 889 che
976 850 1011 888 s'
1026 850 1186 889 alcuna
1216 849 1326 889 festa
1355 850 1392 889 si
1422 850 1608 898 celebra,
1641 849 1817 889 mirabil
1841 853 1958 890 certo

342 916 509 967 quanto
538 914 603 953 sia
633 914 761 965 piena
792 915 834 954 la
864 916 1014 954 nostra
1043 914 1191 954 chiesa
1221 914 1266 954 di
1296 915 1444 954 coloro
1486 915 1566 954 che
1610 926 1685 965 per
1717 914 1761 954 13
1788 915 1957 954 confes-

342 980 466 1020 sione
495 979 755 1019 desiderano
785 981 913 1019 uotar
941 979 972 1018 il
998 991 1124 1019 sacco
1148 979 1204 1018 da
1225 979 1389 1030 peccati
1410 979 1525 1019 della
1545 979 1829 1028 conscientia,
1852 981 1894 1018 et
1913 979 1958 1019 di

342 1047 380 1084 si
410 1044 518 1083 satta
548 1044 743 1083 maniera
771 1044 851 1083 che
881 1044 922 1083 fa
953 1043 1150 1083 mistiero
1180 1043 1225 1083 di
1255 1055 1382 1095 porre
1411 1055 1514 1084 cura
1540 1044 1621 1083 che
1641 1044 1789 1083 coloro
1817 1044 1897 1084 che
1926 1044 1957 1084 li

342 1108 459 1160 piedi
488 1108 593 1148 delli
622 1108 839 1148 confesori
869 1108 1152 1155 eireondan0‚
1193 1120 1283 1148 non
1326 1108 1461 1148 odino
1491 1109 1504 1148 i
1536 1108 1697 1160 peccati
1728 1109 1798 1148 del
1827 1109 1960 1148 confi-

343 1175 481 1221 tente;
513 1185 536 1213 e
565 1175 720 1225 questo
749 1173 1115 1224 principalmente
1145 1174 1190 1213 in
1220 1175 1373 1224 queste
1401 1175 1577 1225 quattro
1606 1173 1866 1213 domeniche
1886 1173 1959 1213 s’e

343 1237 474 1285 uist0‚
506 1237 574 1277 ne'
606 1237 710 1288 quai
740 1237 763 1277 e
792 1239 907 1277 stata
928 1249 1017 1277 una
1037 1249 1146 1289 gran
1176 1237 1302 1288 copia
1323 1237 1367 1277 di
1388 1237 1638 1286 confitenti;
1670 1239 1713 1277 et
1742 1237 1773 1276 il
1802 1237 1958 1288 giorno

342 1301 412 1341 del
440 1301 595 1341 Natale
623 1313 732 1352 poco
771 1302 848 1353 pisi
877 1314 903 1341 o
932 1314 1061 1341 meno
1104 1302 1148 1341 di
1192 1302 1385 1342 seicento
1434 1314 1633 1352 persone,
1666 1313 1888 1353 premessa
1916 1302 1957 1342 13

341 1366 633 1414 confessione,
665 1366 703 1405 si
732 1367 1093 1407 communicorno
1124 1367 1169 1406 in
1200 1369 1351 1406 nostra
1380 1367 1543 1406 chiesa.
1575 1366 1732 1417 Spesse
1761 1367 1861 1406 fiate
1880 1379 1958 1406 an-

341 1443 416 1471 cor
444 1431 458 1471 i
487 1431 627 1471 nostri
657 1432 773 1471 odon
799 1432 1067 1472 confessioni
1098 1444 1153 1472 ne
1182 1432 1455 1483 monasterij,
1478 1432 1670 1483 prigioni
1691 1439 1724 1479 a,
1747 1431 1957 1483 hospitali

342 1497 384 1535 et
412 1495 459 1535 in
489 1495 660 1546 priuate
702 1508 801 1536 case
843 1496 887 1535 di
931 1496 1144 1547 primarij,
1177 1497 1233 1535 da
1266 1496 1369 1547 quai
1400 1508 1481 1536 son
1510 1495 1719 1536 chiamati
1741 1495 1782 1544 ὓς
1815 1495 1958 1535 donde

342 1571 431 1599 non
461 1571 570 1611 poco
600 1560 735 1600 frutto
764 1561 1029 1600 dell’anima
1059 1563 1101 1600 et
1129 1561 1413 1612 giouamento
1456 1561 1545 1600 han
1576 1560 1802 1612 riportato,
1834 1560 1959 1600 insti-

341 1625 506 1664 tuendo
535 1625 683 1665 alcuni
715 1626 899 1677 meglior
919 1625 1099 1677 ragione
1129 1626 1172 1665 di
1204 1626 1370 1674 uiuere,
1394 1626 1460 1665 fra
1489 1626 1502 1665 i
1532 1625 1653 1677 quali
1676 1625 1721 1666 fsi
1743 1638 1830 1665 una
1860 1626 1958 1677 gin-

342 1689 544 1729 tildonna
587 1692 802 1738 matrona,
834 1691 876 1730 la
918 1691 1048 1742 quale
1090 1692 1375 1730 fermamente
1418 1692 1625 1742 proposto
1659 1691 1883 1731 s'haueua
1913 1690 1957 1730 di

341 1756 619 1794 commettere
648 1754 866 1794 adulterio
895 1767 976 1795 con
1010 1767 1068 1795 un
1098 1767 1179 1795 suo
1210 1758 1412 1806 parente;
1444 1756 1692 1795 confessata
1721 1756 1802 1795 che
1831 1756 1877 1796 fu
1902 1756 1957 1795 da

342 1819 497 1867 nostri,
546 1820 668 1859 muto
710 1819 741 1859 il
785 1832 866 1859 suo
921 1820 1132 1860 scelerato
1175 1820 1416 1871 proposito,
1449 1821 1733 1871 prometendo
1775 1820 1828 1860 de
1871 1820 1956 1860 mai

341 1883 466 1923 uoler
494 1884 552 1923 tel
580 1895 681 1923 cosa
711 1887 1004 1925 commettere.
1035 1885 1245 1924 Vn'altra
1275 1897 1436 1925 ancora
1478 1885 1558 1924 che
1600 1897 1677 1936 per
1705 1885 1816 1925 dieci
1850 1884 1957 1924 anni

341 1947 517 1987 haueua
545 1950 696 1988 tenuta
726 1961 814 1988 una
844 1961 946 1989 cosa
975 1949 1119 1989 d'una
1149 1950 1296 1989 nobile
1322 1952 1523 1989 matrona
1552 1951 1771 1998 nascosta,
1795 1950 1849 1989 ne
1870 1949 1957 1989 mai

342 2012 396 2051 ne
424 2023 500 2062 per
528 2024 589 2060 se,
622 2014 676 2052 ne
708 2025 782 2064 per
810 2014 911 2053 altri
942 2014 1173 2053 adducersi
1206 2016 1364 2065 poteua
1393 2014 1473 2054 che
1503 2014 1546 2053 13
1575 2014 1787 2061 rendessi,
1809 2013 1958 2065 quella

340 2076 450 2115 hora
478 2088 554 2127 per
583 2089 702 2116 mezo
732 2078 773 2117 d'
790 2090 850 2117 un
881 2080 1030 2117 nostro
1061 2079 1285 2118 sacerdote
1315 2079 1357 2117 la
1392 2078 1580 2118 restitui.
1614 2079 1676 2118 Fu
1707 2090 1867 2118 ancora
1897 2090 1957 2118 un

341 2141 453 2180 altra
481 2141 675 2193 signora,
708 2143 749 2182 13
779 2143 909 2194 quale
951 2155 1023 2182 era
1067 2146 1267 2194 separata
1311 2144 1383 2183 dal
1418 2155 1499 2183 suo
1530 2143 1711 2191 marito;
1744 2143 1853 2182 hora
1882 2155 1958 2194 per

340 2204 531 2256 l’agiuto
561 2207 678 2246 d'un
708 2207 761 2247 de
791 2208 928 2247 nostri
962 2208 1129 2247 ritorno
1159 2208 1204 2247 in
1235 2208 1376 2259 gratia
1405 2220 1501 2256 sua,
1533 2210 1575 2248 et
1603 2207 1707 2258 ogni
1737 2207 1958 2247 discordia

340 2269 411 2321 gia
441 2270 638 2321 deposta,
662 2272 707 2311 in
729 2283 832 2323 pace
853 2272 1034 2312 uiuono.
1059 2272 1172 2311 Altri
1193 2273 1273 2312 che
1295 2285 1369 2324 per
1395 2273 1518 2312 molti
1548 2273 1654 2312 anni
1683 2285 1773 2312 non
1802 2272 1956 2312 s'eran

340 2335 592 2382 confessati,
625 2348 701 2386 per
729 2337 771 2376 la
800 2337 1092 2384 confessione,
1126 2337 1363 2377 intermezo
1398 2338 1410 2376 i
1441 2337 1597 2385 nostri,
1629 2349 1654 2377 a
1684 2337 1778 2377 Idio
1808 2337 1845 2377 si
1875 2349 1957 2377 son

340 2399 625 2440 reconciliati.
658 2401 726 2440 Vn
756 2401 961 2452 giouane‚
994 2401 1038 2440 di
1068 2401 1194 2452 iungi
1226 2402 1400 2442 haueua
1439 2403 1607 2442 hauuto
1637 2401 1957 2441 consuetudine

339 2474 422 2502 con
451 2475 540 2503 una
569 2464 774 2515 giouane,
801 2467 843 2504 et
872 2465 1077 2505 hauendo
1098 2466 1201 2505 tutti
1232 2466 1245 2504 i
1275 2466 1373 2505 suoi
1395 2466 1512 2514 beni,
1535 2478 1664 2505 senza
1685 2477 1813 2517 saper
1833 2465 1956 2505 nulla

340 2526 371 2567 il
401 2528 549 2578 padre,
581 2528 653 2579 gia
695 2532 910 2580 sprecato,
942 2531 1155 2580 promette
1199 2531 1241 2570 31
1284 2531 1344 2570 fin
1387 2531 1428 2570 di
1460 2531 1575 2570 torla
1605 2542 1679 2581 per
1708 2530 1891 2581 moglie;
1924 2529 1956 2569 il

339 2592 419 2631 che
448 2605 537 2632 non
566 2594 772 2633 sofrendo
802 2594 833 2633 il
864 2595 1011 2645 padre,
1043 2607 1120 2646 per
1148 2595 1306 2635 nissun
1336 2595 1467 2635 modo
1510 2595 1548 2635 si
1592 2597 1749 2646 poteua
1780 2606 1956 2646 persua-

338 2656 439 2696 dere
467 2657 547 2697 che
576 2658 871 2706 consentisse;
904 2659 950 2699 fii
979 2659 1094 2710 dopo
1125 2660 1296 2711 placato
1339 2661 1394 2700 da
1438 2672 1499 2700 un
1533 2660 1587 2700 de
1616 2660 1771 2709 nostri,
1803 2661 1845 2699 et
1873 2671 1955 2699 con

400 2817 417 2836 a
438 2808 519 2841 Del.
543 2810 591 2842 et.
615 2828 654 2832 —
678 2811 696 2837 b
716 2810 876 2844 Emend.
900 2819 948 2843 ea>
969 2810 1167 2844 chiamato.

401 2940 408 2957 ¹
434 2939 500 2971 Per
522 2940 559 2971 id
582 2941 728 2981 tempus
750 2941 984 2973 contionator
1005 2941 1218 2974 ordinarius
1240 2943 1319 2974 erat
1343 2942 1379 2975 Ρ.
1404 2942 1556 2975 Carolus
1579 2942 1754 2981 Faraone,
1792 2942 1856 2983 qui
1880 2951 1954 2974 non

339 2992 494 3023 multum
527 2994 656 3033 gratus
690 2993 824 3035 populo
857 2994 947 3033 erat,
980 2995 1022 3026 ut
1044 2994 1182 3026 dicitur
1205 2994 1243 3026 in
1267 2996 1344 3028 cod.
1370 2995 1493 3028 Sicul.
1518 2996 1578 3032 59,
1603 2995 1626 3028 f.
1653 2996 1744 3028 136.v
1765 2995 1817 3027 Cf.
1841 2995 1953 3027 etiam

339 3044 618 3083 Ribadeneira,
643 3046 665 3079 l.
691 3055 720 3079 c.
744 3047 816 3080 476.
