2099 3516
429 266 492 300 100
894 265 1099 301 LITTERAE
1133 266 1477 311 QUAnniMmsrizms

376 383 514 422 litatis
534 391 550 408 ²¹
581 386 654 422 aut
689 383 882 422 haeresis
919 383 1083 422 detenti
1113 386 1230 423 sunt.
1267 384 1623 424 Reconciliantur
1651 385 1867 431 homines,
1899 387 1990 438 qui.

376 448 513 487 fracto
547 447 888 486 necessitudinis
912 447 1027 497 jure,
1058 449 1296 488 amicitiam
1346 449 1583 488 uiolarunt.
1630 449 1744 489 Eunt
1788 453 1991 491 nonnulli

374 525 425 552 ex
458 512 621 551 nostris
651 512 696 550 in
727 511 927 562 proxima
957 513 1196 563 municipia
1241 516 1279 552 et
1324 514 1537 559 colonias,
1569 516 1611 552 et
1652 516 1774 554 trans
1818 516 1991 562 fretum,

375 580 421 617 ut
452 577 512 616 ibi
543 578 726 616 uerbum
759 576 837 615 Dei
868 577 1126 617 nuntiantes
1157 578 1345 617 fructum
1373 578 1713 628 praedicationis
1735 580 1990 631 percipiant.

375 642 512 681 Multa
540 643 645 680 sunt
673 640 761 679 alia
791 641 838 679 in
867 641 1030 692 quibus
1051 642 1331 692 peculiariter
1351 642 1441 681 Deo
1462 642 1762 693 Omnipotenti
1784 644 1991 688 seruitur,

373 708 426 746 de
455 706 619 757 quibus
649 717 738 744 non
767 708 833 745 est
861 706 1082 745 scribendi
1114 707 1251 746 locus

452 772 490 809 9.
525 769 711 809 Profecti
756 771 861 809 sunt
904 770 1061 810 diebus
1100 770 1348 821 praeteritis
1382 771 1451 809 Pr.
1486 771 1745 811 Dominicus
1774 771 1994 812 Cardosus

373 838 414 874 et
444 835 572 874 Pater
602 834 811 873 Lionelus
840 835 893 873 de
922 834 1047 873 Lima
1077 834 1349 885 Brigantiam
1381 846 1483 874 cum
1510 835 1599 874 alio
1629 836 1772 886 fratre,
1797 837 1873 887 qui
1904 849 1992 876 non

373 911 560 951 paruum
591 911 669 950 pro
699 898 874 938 Christo
904 900 1096 939 subeunt
1125 912 1254 945 onus,
1288 900 1331 938 in
1366 912 1455 951 quo
1498 912 1707 951 magnum
1741 902 1871 941 etiam
1904 902 1994 942 Deo

373 966 563 1004 fructum
593 963 823 1014 colligunt.
857 964 1017 1003 Verum
1048 965 1101 1003 de
1131 964 1202 1003 his
1230 976 1329 1003 cum
1360 964 1430 1015 ijs,
1454 977 1568 1015 quae
1588 965 1641 1005 de
1666 966 1889 1016 prouintia
1918 979 1994 1006 an-

372 1029 543 1080 golensi
586 1030 628 1067 et
671 1028 939 1075 brasiliensi,
971 1029 1024 1067 de
1052 1028 1217 1079 quibus
1260 1029 1399 1068 multa
1434 1029 1642 1068 nunciata
1686 1030 1829 1069 fauste
1872 1034 1990 1075 sunt,

371 1093 624 1134 existimaui
655 1093 772 1132 alius
800 1104 895 1132 esse
925 1093 1144 1137 muneris;
1176 1105 1312 1143 quare
1355 1093 1401 1132 in
1445 1094 1793 1144 praesentiarum
1823 1096 1992 1135 nullam

371 1159 424 1198 de
454 1157 524 1197 his
556 1157 821 1196 mentionem
852 1157 1033 1204 taciam3
1066 1158 1141 1196 sed
1171 1169 1271 1196 cum
1315 1157 1402 1197 iam
1446 1158 1530 1197 iam
1577 1158 1648 1197 his
1686 1159 1827 1198 literis
1856 1160 1994 1210 impo-

370 1223 544 1262 nendus
586 1233 681 1261 esse
729 1221 830 1261 finis
861 1221 954 1273 [sic]
985 1222 1226 1261 arbitratus
1268 1234 1382 1269 sum,
1414 1223 1669 1263 admonitus
1711 1224 1861 1263 decere
1904 1236 1993 1264 non

371 1287 485 1327 nihil
514 1287 566 1326 de
596 1286 682 1331 his,
713 1298 798 1337 que
828 1286 873 1325 in
904 1286 997 1325 diui
1030 1286 1212 1337 Antonij
1245 1287 1431 1338 collegio
1473 1290 1569 1327 acta
1607 1290 1768 1337 essent,
1802 1289 1994 1328 breuiter

370 1355 411 1392 te
440 1352 690 1391 admonere.
713 1351 841 1390 cuius
871 1350 1076 1401 operarij,
1110 1351 1187 1390 Dei
1218 1363 1414 1394 munere,
1439 1363 1660 1402 magnam,
1685 1354 1732 1391 ut
1761 1352 1901 1399 aiunt,
1924 1365 1993 1392 ae-

370 1416 666 1456 dificationem
711 1415 956 1466 uniue[r]so
1000 1415 1103 1455 huic
1148 1416 1311 1466 populo
1355 1417 1664 1466 praebuerunt.
1696 1417 1854 1468 Magno
1892 1429 1993 1457 cum

369 1481 524 1520 ardore
563 1483 655 1520 tum
686 1480 732 1519 in
763 1480 928 1526 literas,
960 1482 1053 1519 tum
1085 1480 1129 1519 in
1164 1480 1368 1520 uirtutem
1414 1481 1550 1520 huius
1593 1481 1764 1532 collegij
1801 1482 1988 1533 operarij

370 1546 647 1592 incumbunt,
672 1556 749 1584 nec
780 1545 949 1584 minore
969 1557 1067 1584 cum
1091 1545 1235 1584 fructu
1258 1545 1638 1586 scholasticorum.
1669 1546 1782 1585 Sunt
1801 1549 1843 1586 et
1867 1547 1993 1586 scho-

368 1610 511 1649 lastici
542 1622 725 1649 numero
745 1610 837 1654 501),
869 1612 910 1649 et
939 1609 1003 1649 sic
1032 1611 1291 1649 exercentur
1311 1610 1357 1649 in
1379 1610 1520 1649 literis
1550 1612 1597 1650 ut
1626 1610 1780 1661 uirtutj
1805 1610 1823 1636 Ι)
1853 1611 1993 1651 maior

369 1675 427 1714 sit
446 1675 593 1722 locus;
626 1674 805 1713 student
834 1674 951 1713 enim
981 1674 1257 1725 diligentius,
1281 1677 1329 1714 ut
1350 1674 1514 1714 uirtute
1543 1675 1729 1725 praediti
1751 1687 1840 1715 non
1863 1676 1992 1715 modo

369 1739 473 1783 sint,
506 1739 581 1778 sed
612 1738 743 1778 etiam
787 1741 1044 1789 appareant,
1076 1751 1209 1790 quam
1242 1741 1287 1778 ut
1328 1739 1505 1778 literati.
1539 1739 1680 1789 Quod,
1713 1742 1761 1780 ut
1797 1752 1994 1791 compro—

368 1806 509 1851 betur,
533 1805 615 1844 hoc
640 1804 785 1843 solum
816 1816 1074 1855 proponam,
1097 1816 1185 1855 quo
1215 1804 1273 1855 rej
1307 1804 1438 1843 tinem
1470 1804 1640 1844 faciam.
1673 1805 1854 1844 Dicebat
1873 1805 1991 1845 enim

367 1869 525 1908 diebus
554 1868 801 1920 praeteritis
830 1869 1011 1919 quidam
1032 1869 1326 1908 scholasticus
1355 1869 1429 1920 alij
1463 1870 1516 1908 de
1544 1869 1736 1920 quodam
1757 1882 1838 1909 suo
1868 1870 1991 1909 fami-

368 1933 484 1977 liari,
516 1944 645 1984 quem
676 1933 933 1972 subtristem
978 1933 1173 1972 uiderat:
1207 1933 1334 1972 illum
1378 1933 1632 1973 subtristem
1677 1936 1719 1973 et
1760 1934 1884 1985 quasj
1931 1935 1992 1974 fa-

367 2000 508 2043 tuum,
532 1998 647 2049 quod
680 1998 1011 2037 sanctissimum
1034 1997 1197 2037 Christi
1220 2010 1381 2048 corpus
1411 1998 1457 2037 in
1488 2000 1597 2038 festo
1619 1998 1876 2038 Natiuitatis
1901 2011 1991 2038 non

368 2062 615 2112 recepisset.
649 2062 811 2102 Omnes
842 2065 1037 2112 tempore
1067 2064 1232 2102 statuto
1262 2063 1528 2102 confitentur
1556 2063 1608 2102 (16
1639 2063 1850 2113 peccatis,
1883 2075 1990 2103 non-

368 2127 480 2167 nulli
510 2128 641 2166 etiam
672 2130 830 2166 octauo
859 2139 1035 2178 quoque
1064 2127 1149 2174 die,
1173 2130 1214 2166 et
1243 2128 1411 2167 decimo
1440 2128 1612 2178 quinto,
1635 2130 1675 2167 et
1697 2128 1773 2179 qui
1803 2130 1989 2167 aetatem

368 2192 545 2237 habent,
577 2204 737 2242 corpus
766 2192 1007 2231 seruatoris
1034 2192 1172 2231 nostri
1194 2192 1456 2243 suscipiunt.
1481 2192 1786 2232 Obseruantur
1814 2194 1869 2232 ab
1900 2193 1990 2233 illis

366 2257 706 2307 diligentissime
735 2257 906 2307 collegij
955 2257 1174 2302 instituta,
1206 2259 1247 2296 et
1277 2259 1508 2308 praecepta
1536 2258 1591 2297 ad
1622 2269 1829 2308 unguem.
1863 2259 1991 2297 Prae-

366 2322 617 2372 ceptoribus
646 2321 918 2372 singularem
949 2322 1126 2361 exibent
1155 2322 1475 2365 obedientiam:
1509 2325 1614 2362 sunt
1657 2323 1701 2361 in
1742 2323 1862 2362 omni
1893 2324 1988 2363 loco

365 2386 519 2437 quietj,
552 2388 599 2425 ut
629 2386 756 2425 facile
785 2388 1110 2437 cognoscantur
1130 2387 1244 2426 inter
1263 2386 1376 2426 alios
1396 2387 1627 2426 antoniani
1657 2387 1830 2438 collegij
1863 2388 1988 2427 scho-

366 2451 525 2497 lastici,
557 2450 631 2501 qui
664 2451 829 2490 nostris
871 2451 977 2490 dant
1022 2463 1222 2501 operam,
1255 2452 1311 2490 ob
1354 2463 1487 2501 quam
1531 2463 1709 2491 causam
1753 2452 1830 2503 qui
1874 2452 1988 2492 tilios

366 2517 610 2566 procreant,
642 2527 693 2554 eo
723 2516 865 2566 magis
895 2518 1131 2555 mouentur
1161 2518 1207 2555 ut
1238 2515 1402 2555 nostris
1431 2516 1546 2555 tilios
1580 2528 1686 2555 suos
1723 2516 1988 2556 erudiendos

365 2580 555 2619 tradant..
589 2580 727 2619 Maior
757 2580 803 2619 in
832 2580 926 2619 dies
956 2583 1191 2631 augeretur
1220 2592 1447 2624 numerus,
1479 2581 1516 2620 si
1551 2582 1635 2621 loci
1679 2582 1885 2632 angustia
1915 2594 1987 2632 pa-

365 2646 541 2684 teretur.
572 2645 749 2683 Praeter
778 2656 852 2684 eas
881 2657 992 2696 quas
1022 2645 1189 2696 singuli
1221 2648 1523 2696 praeceptores
1552 2646 1598 2685 in
1628 2647 1722 2686 suis
1743 2647 1987 2697 gymnasiis

365 2709 529 2748 habent
558 2709 796 2755 doctrinas,
825 2710 1013 2749 habetur
1041 2710 1173 2749 etiam
1204 2710 1249 2748 in
1281 2710 1443 2760 templo
1472 2711 1669 2750 eiusdem
1693 2711 1865 2762 collegij
1889 2711 1988 2750 doc-

365 2773 482 2812 trina
524 2774 594 2813 die
637 2774 860 2813 dominica
904 2777 1002 2824 post
1046 2774 1287 2819 meridiem,
1320 2786 1408 2825 quo
1447 2787 1628 2815 munere
1658 2776 1787 2815 Pater
1815 2776 1986 2815 Marcus

364 2837 549 2888 Nonius,
579 2838 655 2889 qui
685 2849 803 2877 anno
833 2838 1034 2888 proximo
1078 2838 1201 2878 uenit
1243 2850 1294 2877 ex
1340 2839 1480 2886 India,
1512 2840 1727 2891 fungitur,
1763 2852 1852 2879 non
1890 2840 1986 2879 sine

364 2914 525 2953 magna
555 2903 805 2942 animorum
834 2903 1143 2943 commotione.
1178 2903 1245 2942 Ad
1274 2915 1374 2943 eum
1406 2904 1692 2951 audiendum,
1723 2917 1822 2944 cum
1861 2905 1987 2944 scho-

425 3040 440 3057 a
464 3031 701 3064 infedilitatis
726 3041 796 3064 ms.
817 3050 856 3054 —-
880 3032 897 3057 b
918 3031 1055 3072 uertutj
1082 3040 1153 3063 ms.
