2099 3516
477 272 556 308 60202.
586 294 629 298 —
655 272 897 309 VINDOBONA
923 273 968 308 029
994 272 1187 309 IANUARII
1217 271 1307 308 156‘2
1588 271 1652 307 751

77 391 272 443 quietam
301 390 493 437 duceret,
526 391 751 442 alteroque
789 391 860 431 die
903 392 998 431 suis
1045 391 1278 442 desideriis
1308 391 1430 430 fieret
1458 390 1582 430 satis.
1616 390 1702 429 An·

77 456 176 495 nuit
204 455 301 495 eius
331 454 535 505 precibus
565 454 769 495 Christus
800 456 1031 496 Dominus.
1067 456 1146 495 Illa
1178 456 1315 507 igitur
1348 467 1521 495 summo
1558 466 1700 500 mane.

77 520 210 560 citato
240 520 394 571 gradu,
425 519 481 558 ad
510 522 711 559 nostrum
753 522 963 571 templum
995 522 1208 571 confugit.
1243 521 1444 560 Postulat
1487 520 1704 559 instanter

77 584 421 631 confessarium;
455 584 586 623 datus
608 588 672 624 est
702 585 740 624 ei
767 586 1080 626 confessarius.
1116 586 1228 625 Petit
1249 587 1304 625 ab
1325 597 1375 624 eo
1396 585 1583 636 supplex
1603 596 1704 624 con-

77 650 229 690 silium
259 649 455 700 aliquod.
487 661 576 700 quo
605 662 657 689 ex
688 653 751 689 tot
781 651 1161 700 perturbationum
1198 650 1407 690 fluctibus
1448 651 1595 701 posset
1624 649 1702 688 ali-

77 715 256 766 quando
285 726 520 766 emergere.
544 715 674 754 Dedit
704 715 778 754 ille
808 716 1062 759 consilium.
1095 716 1212 767 quod
1243 715 1481 755 admodum
1513 714 1700 765 placuit:

76 780 282 820 discessit
310 779 411 827 leta,
443 782 485 819 et
528 791 648 819 nunc
679 780 820 831 pergit
850 781 1095 820 feruentius
1138 780 1368 820 contiones
1398 782 1529 831 atque
1572 780 1705 819 eccle·

77 845 168 885 siae
197 846 474 885 sacramenta
495 845 787 896 frequentare.
812 845 911 884 Alia
933 846 1148 896 quaedam
1172 846 1357 884 honesta
1389 845 1568 893 femina,
1591 857 1704 896 quae

77 923 101 950 a
130 911 183 951 30
211 910 342 950 annis
371 910 575 950 confessa
597 922 685 949 non
718 911 873 956 fuerat,
897 923 996 950 cum
1018 911 1159 950 nobili
1181 913 1248 959 (ut
1268 910 1484 961 suspicor)
1513 922 1702 958 rumore,

75 975 152 1028 qui
183 976 314 1026 longe
342 975 518 1026 lateque
548 975 600 1015 de
631 975 685 1014 M.
719 974 932 1026 Gregorio
963 978 974 999 1
1006 976 1316 1015 concionatore
1338 977 1491 1014 nostro
1520 975 1704 1014 circum-

77 1041 229 1088 fertur,
261 1040 408 1087 ducta,
439 1039 536 1079 eius
565 1039 802 1079 conciones
832 1040 1052 1082 audisset:
1086 1042 1207 1079 tanta
1239 1040 1381 1091 ipsam
1411 1040 1464 1080 de
1507 1040 1602 1080 suis
1631 1040 1706 1079 ila-

77 1106 199 1158 gitijs
231 1105 472 1156 poenitudo
502 1105 684 1153 inuasit,
711 1107 758 1144 ut
789 1117 876 1144 non
910 1106 1049 1145 multo
1082 1107 1180 1156 post
1209 1106 1264 1145 ad
1294 1105 1592 1156 poenitentiae
1621 1106 1706 1145 asi-

76 1171 169 1211 lum
199 1178 233 1218 a,
265 1182 343 1210 ceu
374 1170 430 1210 ad
461 1182 630 1210 sacram
662 1171 918 1217 anchoram,
951 1171 1004 1209 ad
1037 1183 1119 1210 nos
1148 1171 1277 1222 quasi
1309 1171 1573 1210 miraculose
1603 1183 1705 1210 con-

78 1237 260 1288 fugeret.
294 1235 446 1287 Aliqui
477 1248 653 1287 quoque
683 1236 898 1287 germani.
930 1236 1007 1287 qui
1038 1236 1180 1275 tribus
1210 1238 1285 1276 aut
1315 1237 1340 1275 4
1369 1236 1500 1275 annis
1535 1236 1705 1287 grauis-

76 1301 191 1341 sima
219 1301 408 1353 quedam
438 1303 616 1352 peccata
645 1312 751 1340 suos
794 1301 1076 1340 caelauerant
1123 1301 1434 1349 confessarios,
1467 1301 1605 1340 animi
1636 1301 1705 1341 sui

77 1366 248 1406 saniem
268 1378 450 1418 syncere
471 1378 520 1405 ac
537 1366 721 1417 integre,
745 1365 898 1405 recisis
919 1378 1102 1406 suorum
1124 1368 1403 1417 peccatorum
1424 1366 1704 1413 uulneribus,

77 1431 315 1472 salubriter
343 1432 398 1471 ad
428 1433 682 1471 nostrorum
712 1431 1085 1471 confessariorum
1121 1432 1253 1482 pedes
1287 1431 1552 1471 effuderunt.
1587 1431 1706 1471 Idem

77 1496 392 1548 praestiterunt
434 1509 576 1548 nuper
603 1497 628 1536 3
658 1496 772 1536 aliae
816 1499 1058 1541 matronae.
1090 1509 1276 1548 quarum
1323 1508 1412 1536 una
1455 1508 1481 1536 a
1513 1497 1704 1545 duobus,‚

77 1562 216 1602 altera
244 1574 269 1602 a
298 1564 480 1613 septem,
512 1562 652 1602 altera
679 1562 732 1601 20
761 1562 893 1601 annis
928 1574 1157 1613 nunquam
1203 1561 1498 1602 confessionis
1528 1562 1707 1601 lauacro

78 1639 184 1668 usae
214 1627 402 1668 fuerant.
434 1628 636 1667 Pretereo
667 1627 739 1666 hic
769 1629 1022 1666 nostrorum
1045 1639 1222 1678 quoque
1243 1639 1374 1677 opera
1405 1638 1495 1666 non
1526 1639 1705 1678 paucos,

77 1692 292 1744 depositis
321 1692 437 1744 odijs
468 1693 569 1744 plus
598 1704 730 1744 quam
764 1692 1024 1738 uatinianis,
1058 1693 1103 1731 in
1135 1692 1323 1743 gratiam
1366 1704 1467 1731 cuin
1502 1692 1708 1731 aduersa-

78 1757 158 1809 rijs
188 1757 386 1810 redisze.
420 1758 561 1797 Taceo
606 1758 769 1797 multos
817 1769 912 1797 esse
958 1757 1188 1808 utriusque
1218 1769 1351 1796 sexus
1380 1757 1598 1804 homines,
1630 1757 1707 1808 qui

78 1822 241 1863 obnixe
269 1835 294 1862 a
323 1823 419 1863 suis
448 1822 734 1874 confessarijs
779 1823 1003 1874 postulant
1036 1823 1212 1862 crebras
1254 1822 1492 1869 orationes,
1528 1824 1574 1861 ut
1602 1827 1708 1861 suos

78 1888 243 1928 liberos
277 1888 323 1928 in
366 1888 583 1929 Societate
614 1888 716 1928 IHV
749 1888 897 1928 uidere
927 1888 1170 1939 aliquando
1203 1887 1388 1938 possint.
1420 1887 1570 1938 Nuper
1598 1889 1664 1927 est
1690 1886 1708 1912 ¹³

78 1955 296 2002 curatum,
328 1955 377 1993 ut
406 1953 693 2004 impediretur
735 1953 916 2004 quidam
962 1952 1206 2003 bibliopola
1234 1964 1259 1991 a
1291 1952 1548 1991 uenditione
1576 1951 1710 1991 libro-

79 2030 176 2058 rum
198 2018 535 2065 haereticorum,
559 2030 748 2069 quorum
771 2017 1105 2069 pulchritudine
1128 2017 1342 2056 inusitato
1364 2017 1554 2068 quodam
1577 2016 1709 2056 modo

79 2085 294 2124 iuuenum
323 2084 498 2123 animos
528 2084 583 2123 ad
612 2095 659 2123 se
690 2083 902 2134 rapiebat.
929 2083 1104 2134 [Preces
1120 2082 1356 2134 postulat]
1375 2082 1572 2122 Viennae
1594 2083 1708 2122 Aus-

79 2149 189 2188 triae
217 2150 244 2188 4
285 2148 464 2189 Calend.
498 2148 743 2199 Februarij,
776 2161 894 2188 anno
940 2148 1055 2187 15602.
1090 2148 1151 2186 Ex
1189 2148 1502 2188 commissione
1533 2148 1580 2188 P.
1604 2148 1710 2187 Rec-

80 2213 189 2253 toris
217 2214 247 2253 2.

186 2279 238 2319 R.
272 2279 319 2320 P.
353 2279 402 2320 T.
435 2279 649 2331 indignus
679 2279 726 2319 in
757 2279 870 2330 Xpo.
904 2279 1025 2319 filius

855 2392 1087 2432 HENRICUS
1119 2392 1326 2432 RlcmiAN
1359 2392 1600 2432 leodiensis
1629 2394 1655 2433 3.

187 2507 293 2546 Alia
323 2520 491 2547 manu:
519 2505 875 2556 Quadrimestres
904 2506 1195 2545 Viennenses.
1220 2506 1272 2545 Di
1294 2506 1345 2545 029
1369 2505 1570 2546 Gennaio
1593 2506 1708 2547 1562.

100 2740 103 2741 ⁷
143 2710 162 2729 a
181 2701 265 2735 Del.
290 2710 369 2735 seu.
394 2721 434 2725 —
458 2702 477 2728 b
497 2702 622 2744 Nuper
659 2704 715 2735 est
742 2712 869 2744 supra
891 2712 1018 2739 νεὶ-3η·
1039 2702 1162 2743 prins
1188 2701 1345 2734 videtur
1370 2701 1565 2742 scriptum
1588 2700 1640 2733 Ne
1662 2701 1712 2734 lo-

82 2763 177 2796 quar
198 2755 360 2797 quidem.

146 2952 154 2969 ¹
180 2950 218 2984 P.
243 2951 444 2993 Gregorius
468 2951 682 2987 Rosseffius.
706 2952 800 2985 Vide
823 2962 857 2994 p.
883 2953 955 2985 Q3,

146 3006 158 3023 Β
181 3004 219 3037 Ρ.
243 3005 382 3038 Paulus
405 3005 592 3038 Hoffaeus.

146 3059 159 3077 ³
179 3057 272 3090 Vide
295 3068 330 3100 p.
354 3059 426 3092 289.
