2099 3516
481 281 562 318 568.
591 302 637 306 —-
663 280 847 317 PAnisns
875 279 892 315 1
921 278 1177 315 SEPTEMBms
1204 277 1292 313 1561
1588 276 1657 312 487

76 402 358 444 consiliarios
391 400 593 452 partibus
623 399 788 439 nostris
808 397 998 438 audiunt
1018 396 1182 443 fauere,
1205 395 1422 446 ancipites
1446 394 1703 441 redduntur,

76 479 247 519 nosque
276 476 599 516 nonnunquam
630 464 873 504 amicorum
903 473 1022 501 more
1052 461 1263 507 salutant,
1313 459 1555 511 aliquando
1602 471 1706 498 vero

78 545 158 573 nec
187 543 318 572 auere
346 531 603 582 dignantur.
636 529 726 569 Nos
746 540 849 568 vero
869 527 1008 578 quid?
1028 526 1201 566 Bonum
1222 537 1302 576 pro
1322 524 1440 564 malo
1457 524 1703 571 reddentes,

76 609 258 638 oramus
286 596 449 636 obnixe
479 595 704 635 Christum
734 592 965 634 dominum
998 594 1044 632 ut
1072 591 1243 631 auferat
1289 591 1345 629 ab
1392 589 1456 629 eis
1485 589 1704 636 uelamen,

76 663 195 716 quod
226 661 420 713 positum
451 662 518 700 est
547 672 681 711 super
709 671 784 699 cor
812 669 964 698 eorum
994 659 1023 704 ¹,
1058 668 1112 696 ne
1141 668 1241 696 cum
1272 655 1356 695 hoc
1386 654 1552 694 mundo
1587 654 1708 693 dam-

78 729 241 768 nentur
269 728 299 774 2,
331 725 586 777 gratiasque
632 723 808 775 agimus
854 722 894 762 ei
940 721 1017 773 qui
1053 720 1234 761 uocauit
1262 731 1344 759 nos
1374 719 1420 758 in
1450 721 1612 758 sortem
1644 718 1709 769 (ut

78 793 149 846 pie
177 791 461 839 arbitramur)
491 797 510 816 ἃ
544 791 813 835 sanctorum,
844 788 1037 827 educens
1066 797 1148 826 nos
1168 785 1220 825 de
1241 784 1437 825 tenebris
1456 786 1499 823 et
1518 783 1709 834 caligine

78 858 215 898 huius
244 856 399 907 seculj,
431 855 591 895 humili
621 854 772 893 animo
801 854 974 892 tantum
1004 851 1101 891 eius
1130 851 1177 890 in
1208 861 1289 889 nos
1317 850 1609 900 agnoscentes
1638 849 1710 887 be-

79 923 302 970 neficium,
334 920 454 973 quod
483 932 565 960 sua
595 919 807 970 dignatus
835 918 894 958 sit
922 916 1196 968 dignatione,
1220 915 1267 954 in
1288 914 1482 954 militum
1504 925 1585 953 nos
1605 925 1709 953 suo-

79 1000 177 1028 rum
206 989 412 1038 coaptare
442 996 691 1038 numerum.
726 984 843 1023 Haec
873 983 982 1022 forte
1013 981 1220 1021 nonnulli
1242 980 1501 1020 uiderentur
1522 980 1710 1030 praeter-

80 1053 310 1099 mittenda,
341 1051 459 1103 quod
490 1049 633 1101 magis
660 1048 974 1088 tribulationes
1003 1046 1134 1086 nobis
1163 1046 1344 1093 instare,
1393 1056 1527 1095 quam
1557 1055 1711 1083 conso-

79 1118 269 1158 lationes
300 1128 404 1168 prae
433 1127 479 1155 se
508 1115 675 1162 ferant;
703 1114 778 1153 sed
800 1125 888 1164 qua
909 1113 961 1152 de
982 1124 1027 1152 re
1048 1111 1192 1163 magis
1212 1110 1429 1162 gloriatur
1450 1110 1524 1149 ille.
1545 1108 1711 1149 Christi

80 1195 237 1235 praeco
268 1181 436 1221 Paulus
468 1192 601 1231 quam
632 1179 685 1218 de
714 1177 1066 1223 infirmitatibus,
1098 1188 1232 1228 quam
1252 1176 1306 1215 de
1326 1173 1709 1221 tribulationibus,

80 1260 193 1300 quas
223 1259 300 1299 pro
331 1246 508 1287 Christo
538 1257 620 1285 suo
650 1244 848 1295 patitur?
878 1243 997 1283 Haec
1026 1253 1133 1282 sane
1162 1243 1229 1281 est
1258 1241 1330 1280 via
1378 1240 1454 1279 illa
1486 1239 1606 1291 regia
1636 1250 1713 1290 per

80 1326 213 1366 quam
244 1313 362 1352 imus
392 1312 447 1351 ad
477 1313 611 1357 astra,
644 1312 692 1350 ut
720 1308 1044 1360 compatiamur
1091 1307 1259 1347 scilicet
1305 1317 1405 1346 cum
1450 1304 1640 1350 Christo,
1673 1303 1711 1343 si

80 1391 181 1420 cum
212 1377 388 1419 Christo
410 1377 622 1416 uolumus
641 1373 966 1426 conglorificari
987 1374 1016 1413 3.
1040 1372 1166 1413 Vnde
1187 1371 1373 1411 miseros
1393 1382 1483 1417 eos,
1502 1369 1713 1420 omnique

81 1443 398 1485 lamentatione
445 1441 605 1492 dignos
652 1452 748 1480 esse
795 1439 986 1479 arbitror
1020 1437 1054 1486 ¹),
1086 1437 1163 1489 qui
1193 1448 1293 1477 cum
1324 1435 1488 1476 Christi
1527 1445 1712 1486 regnum

82 1499 311 1560 tantopere
339 1507 592 1559 significent
612 1506 762 1546 uerbis
782 1517 829 1545 se
849 1516 1074 1556 quaerere,
1097 1515 1228 1554 opere
1247 1504 1395 1542 tamen
1416 1503 1458 1541 et
1478 1501 1550 1540 via
1570 1499 1714 1539 crucis

82 1575 199 1616 nihil
228 1574 379 1614 nimus
408 1573 588 1612 faciant.

163 1641 201 1680 3.
235 1639 529 1679 Biliomenses
559 1637 635 1688 qui
666 1636 883 1676 aduersus
931 1647 1013 1675 nos
1055 1634 1214 1674 cristas
1260 1633 1489 1673 erexerant
1518 1634 1547 1679 4,
1593 1630 1714 1670 hisce

84 1705 300 1758 proximis
346 1703 503 1743 diebus
551 1714 636 1742 vna
680 1713 780 1742 cum
825 1702 922 1741 Pre.
954 1701 1085 1751 Bap.a
1129 1699 1312 1739 Violaeo
1355 1697 1411 1737 ad
1445 1708 1527 1736 nos
1557 1707 1715 1735 venere

84 1771 283 1812 mitiores
313 1768 431 1814 facti,
465 1767 578 1807 nihil
609 1767 803 1818 amplius
832 1767 1030 1817 petentes
1050 1776 1184 1816 quam
1206 1763 1325 1814 quod
1346 1761 1542 1802 Societas
1563 1763 1716 1800 nostra

84 1838 132 1877 in
161 1837 245 1877 hoc
292 1846 429 1885 regno
476 1832 760 1880 admittatur3
810 1843 949 1883 eaque
995 1831 1048 1870 de
1087 1842 1131 1869 re
1162 1827 1533 1880 supplicationem
1566 1827 1715 1878 (quam

85 1903 259 1952 vocant)
292 1898 407 1941 Rffflis
441 1897 595 1940 car.bus
629 1911 653 1938 a
684 1896 974 1947 Lothoringia
995 1898 1008 1919 ⁵
1030 1897 1073 1935 et
1106 1893 1370 1934 turnonensi
1392 1894 1406 1915 ‘³
1427 1893 1717 1943 porrexerunt

86 1968 134 2020 (ij
165 1967 284 2007 enim
314 1968 420 2006 sunt
448 1966 564 2005 inter
592 1963 855 2015 praecipuos
884 1961 1058 2012 concili]
1093 1960 1262 2011 huius),
1311 1970 1387 1998 eos
1430 1959 1574 1997 autem
1608 1956 1717 1996 adeo

86 2033 277 2084 benigne
305 2043 356 2071 ac
385 2030 535 2082 obuijS
564 2029 684 2069 vlnis
712 2039 919 2078 excepere
949 2027 978 2078 ij
1012 2025 1109 2066 Rufi
1138 2026 1306 2073 Patres,
1338 2025 1387 2063 ut
1416 2023 1531 2063 nihil
1565 2033 1715 2072 supra,

86 2097 299 2137 addentes
328 2098 370 2136 et
399 2096 505 2136 hoc:
537 2107 563 2134 0
594 2106 672 2134 vos
704 2094 854 2133 beatos
883 2103 996 2143 quos
1025 2090 1181 2130 diuina
1210 2089 1420 2129 maiestas
1462 2088 1584 2127 hisce
1613 2089 1719 2126 tem—

87 2163 272 2214 poribus
318 2162 479 2201 horum
528 2159 896 2211 probissimorum
946 2157 1146 2196 uirorum
1193 2166 1375 2194 munere
1423 2153 1481 2193 sit
1518 2152 1715 2203 dignata.

88 2228 268 2268 Vtinam
298 2227 395 2267 eius
427 2224 731 2266 misericordia
760 2224 882 2263 fieret
912 2224 961 2262 ut
989 2221 1194 2272 singulae
1223 2219 1359 2259 huius
1389 2218 1513 2270 regni
1540 2216 1720 2268 prouin-

86 2293 181 2333 ciae
210 2294 334 2332 tanto
365 2292 614 2343 potirentur
643 2291 776 2329 bono.
809 2288 953 2339 Quare
983 2285 1300 2338 amplexamini
1347 2283 1605 2324 sodalitium
1637 2283 1720 2321 hoc

87 2359 192 2399 ‚Iesu
223 2357 403 2405 Christi,
436 2357 533 2396 eius
563 2354 803 2395 imitamini
833 2352 1036 2404 vestigia,
1069 2363 1151 2391 nos
1180 2363 1284 2390 vero
1309 2352 1352 2390 et
1371 2349 1551 2389 nomine
1572 2350 1720 2388 uestro

90 2425 332 2474 nostroque
379 2433 558 2473 operam
606 2420 828 2467 dabimus,
878 2420 927 2458 ut
974 2417 1119 2458 Gallia
1166 2418 1291 2456 tanto
1338 2414 1414 2465 Dej
1466 2414 1583 2453 dono
1630 2424 1721 2452 non

153 2579 171 2598 a
190 2570 274 2603 Del.
299 2571 370 2612 pie.
395 2589 435 2592 —
458 2569 477 2596 b
498 2569 581 2601 Del.
610 2577 684 2600 eos.

154 2702 165 2720 ²
189 2700 241 2733 Cf.
266 2709 294 2732 11
317 2700 419 2739 COR.,
445 2699 507 2739 ΙΙΙ,
541 2699 646 2731 14-16.

154 2756 167 2774 ²
189 2753 241 2787 Cf.
265 2762 278 2785 1
301 2753 403 2792 COR„
428 2752 488 2791 XI,
513 2753 565 2784 32.

155 2808 168 2827 ³
190 2806 243 2840 Cf.
267 2806 378 2846 Rom„
403 2805 499 2845 VIII,
526 2806 575 2837 17.

134 2902 136 2905 r
156 2861 168 2880 ⁴
190 2859 401 2892 Billiomaei
425 2857 701 2892 contendebant
729 2858 773 2890 ut
804 2856 930 2898 legata
958 2864 1055 2897 quae
1084 2853 1290 2888 Guilelmus
1312 2852 1356 2885 de
1382 2851 1503 2889 Prato,
1527 2849 1725 2891 episcopus

95 2913 410 2953 claromontanus,
436 2912 591 2953 collegio
614 2911 825 2943 billiomaeo
860 2908 1074 2950 reliquerat,
1099 2907 1193 2950 ipsis
1216 2904 1514 2939 administranda
1539 2901 1726 2935 traderen-

96 2968 171 3001 tur.
196 2966 247 3000 Cf.
271 2966 418 2999 Laim'i
440 2965 630 3005 Monum„
655 2964 697 3004 V,
721 2964 794 2997 404.

158 3022 171 3040 ⁵
192 3020 346 3053 Carolus
369 3020 414 3053 de
437 3019 565 3053 Guisa.

158 3076 171 3094 ⁶
193 3073 415 3106 Franciscus
438 3073 482 3105 de
506 3071 694 3105 Tournon.
