2099 3516
542 271 624 308 545.
654 289 698 296 -
724 271 949 308 MONTALTO
979 271 1023 306 10
1048 270 1152 308 IULn
1182 271 1268 306 1561
1604 270 1676 306 389

851 498 963 548 545

489 641 542 691 Ρ.
597 641 896 691 LUCIUS
955 640 1314 690 CRUCIUS

603 777 821 804 MONTALTO
856 768 900 803 10
934 777 1034 803 1UL11
1071 766 1161 803 1561
1196 767 1221 803 ¹.

90 888 153 926 De
203 887 366 926 litteris
411 888 603 926 Romam
646 889 814 926 missis.
865 888 1207 926 Haereticorum
1249 887 1478 937 negotium
1526 887 1720 935 finitum.

196 952 411 1002 Proreyis
442 953 721 1002 neapolitani
749 954 882 992 iussu
911 953 1006 991 ΡΡ.
1034 952 1225 992 Crucius
1254 953 1293 991 et
1322 952 1541 990 Xavierre
1569 963 1722 1001 super-

195 1017 321 1056 stites
350 1019 464 1056 cives
494 1019 542 1056 in
571 1018 653 1067 fide
683 1019 899 1057 catholica
928 1018 1158 1057 erudiunt.
1189 1018 1243 1057 P.
1275 1018 1494 1056 Xavierre
1530 1016 1721 1055 Paulam

195 1083 409 1122 excurrit.
440 1082 636 1122 Societas
678 1084 785 1122 Iesu
814 1085 863 1122 in
893 1095 1061 1133 magna
1103 1083 1435 1122 existimatione
1473 1081 1594 1132 apud
1622 1081 1721 1120 vul-

193 1159 278 1197 qus
307 1148 385 1186 est.

165 1282 194 1332 ἢ
224 1282 316 1321 Pax
346 1282 526 1323 Christi.
573 1283 708 1323 Molto
739 1283 835 1323 35¹0
866 1284 913 1323 in
944 1284 1022 1323 X.0
1054 1284 1207 1324 Padre.
1239 1284 1364 1334 Dopo
1394 1283 1463 1322 ch'
1500 1283 1642 1322 siamo
1672 1282 1719 1321 in

86 1349 240 1397 queste
261 1348 391 1398 parti,
415 1348 625 1388 habiamo
656 1349 809 1388 scritto
830 1349 971 1401 ongni
993 1349 1229 1389 settimana
1264 1349 1514 1388 aduisando
1535 1349 1585 1389 V.
1611 1347 1713 1389 Rstia

86 1411 139 1450 (16
169 1413 280 1452 tutte
309 1420 327 1439 a
358 1413 399 1452 le
429 1415 578 1453 nostre
607 1414 905 1465 occupationi,
938 1415 993 1454 ne
1024 1415 1111 1454 mai
1142 1427 1198 1454 ne
1227 1415 1438 1454 habianio
1459 1416 1634 1454 receuta
1664 1414 1720 1453 ri-

85 1478 251 1527 sposta.
284 1478 525 1518 Dubitamo
546 1491 637 1518 non
658 1479 787 1518 siano
817 1480 1011 1519 arriuate
1032 1492 1056 1519 a
1078 1480 1371 1520 saluamento.
1396 1479 1549 1529 Questi
1572 1479 1718 1531 giorni

85 1541 123 1581 si
144 1543 167 1581 6
187 1543 290 1582 (1310
311 1543 400 1583 fine
429 1544 507 1583 alli
537 1545 702 1596 negotij
735 1545 788 1584 de
817 1546 963 1597 questi
993 1546 1191 1594 heretici,
1215 1546 1320 1585 delli
1341 1546 1464 1597 quali
1485 1558 1575 1585 una
1596 1547 1719 1596 parte

85 1619 140 1646 ne
169 1608 192 1647 e
221 1610 336 1648 stata
366 1608 602 1658 iustitiam,
635 1610 746 1649 altra
768 1610 816 1649 in
838 1611 1002 1662 galera,
1035 1611 1188 1650 l'altra
1215 1623 1305 1650 non
1335 1613 1459 1650 tanto
1488 1610 1718 1661 colpeuole

84 1672 106 1711 e
136 1675 251 1712 stata
283 1673 450 1713 lassata
479 1686 561 1714 eon
592 1675 781 1726 pigiorie
813 1676 862 1727 ΓΞ]
896 1676 1283 1727 ingiongniendoli
1314 1676 1490 1716 diuerse
1520 1678 1637 1715 sorte
1671 1675 1716 1715 di

83 1737 350 1788 penitentie3
383 1751 473 1779 non
504 1740 683 1780 dimeno
704 1741 727 1780 6
747 1742 863 1780 61310
886 1742 1000 1781 facto
1031 1754 1092 1781 un
1113 1744 1280 1781 statuto
1309 1742 1378 1781 ch'
1411 1754 1502 1781 non
1532 1741 1717 1792 possino

84 1802 161 1853 piu
191 1803 442 1843 rehabitare
463 1805 503 1844 le
523 1806 637 1844 terre
666 1806 905 1855 brusciate,
938 1809 981 1846 et
1009 1807 1139 1858 quasi
1169 1807 1273 1846 tutti
1304 1819 1385 1846 son
1415 1807 1519 1846 stati
1550 1806 1716 1858 priuati

83 1867 197 1907 delle
240 1869 335 1908 loro
378 1870 528 1909 robbe.
580 1869 733 1920 Questi
764 1871 807 1910 (11
844 1872 1012 1922 passati
1061 1872 1221 1911 scrisse
1251 1872 1281 1911 il
1313 1871 1444 1923 Sig.0‘
1474 1872 1627 1911 Vicere
1670 1871 1715 1911 di

82 1932 242 1984 Napoli
263 1934 305 1974 al
327 1934 469 1974 vicere
490 1935 534 1974 di
556 1937 713 1986 questa
744 1936 978 1976 Prouintia
997 1937 1066 1976 ch'
1091 1937 1123 1977 11
1145 1937 1277 1976 Padri
1299 1938 1414 1977 della
1441 1937 1716 1988 Conipagnia

82 1999 153 2039 (161
198 2000 298 2040 lesu
343 2001 499 2040 uenuti
530 2001 577 2040 in
623 2001 829 2042 Calabria
872 2015 950 2054 per
992 2015 1045 2042 su
1088 2003 1242 2043 ordine
1273 2003 1311 2043 si
1345 2015 1636 2054 occupassem
1668 2003 1715 2042 in

82 2064 237 2104 istruir
265 2066 410 2116 questi
441 2066 510 2105 ch'
544 2068 797 2116 restauano,
843 2080 969 2108 001110
1012 2080 1156 2108 sonno
1186 2069 1316 2120 putti,
1357 2069 1504 2108 donne
1533 2070 1576 2108 et
1604 2069 1715 2108 altre

81 2142 283 2181 persone,
328 2133 370 2170 et
398 2133 491 2171 cosi
521 2132 559 2171 si
590 2133 612 2172 6
642 2132 767 2181 fatto,
799 2135 842 2172 et
870 2134 1009 2185 ongni
1038 2134 1083 2173 di
1113 2134 1151 2173 si
1181 2134 1418 2182 continua;
1465 2134 1504 2173 le
1535 2134 1643 2174 feste
1672 2136 1715 2174 et

80 2195 311 2235 domenica
341 2196 378 2235 si
418 2197 596 2247 predica
626 2197 666 2237 16
696 2198 863 2238 niatine
907 2199 954 2238 in
984 2199 1058 2239 doi
1101 2199 1220 2239 lochi
1250 2201 1292 2239 61
1321 2200 1436 2250 (10ρο
1486 2199 1714 2250 mangiare

80 2260 250 2311 legemo
281 2261 323 2300 13
354 2261 556 2302 doctrina
585 2263 831 2303 christiana
860 2264 969 2303 nelli
1015 2264 1245 2304 medesimi
1276 2265 1408 2304 lochi.
1442 2265 1528 2304 Tra
1557 2265 1600 2304 la
1629 2266 1714 2304 661-

80 2325 249 2366 timana
278 2326 310 2366 il
341 2327 389 2366 P.
422 2327 608 2367 Xiauier
626 2329 650 2368 3
672 2329 792 2368 uolte
822 2329 947 2380 legge
970 2330 1011 2369 13
1033 2330 1235 2370 doctrina
1263 2330 1525 2378 christiana,
1550 2330 1592 2369 io
1613 2330 1712 2381 lego

79 2390 152 2429 doi
197 2391 316 2430 uolte
363 2392 455 2431 0361
499 2392 543 2431 (11
587 2393 876 2442 conscientia,
918 2397 961 2434 61
988 2398 1079 2434 0061
1127 2395 1464 2435 oontinuaremo
1507 2395 1539 2434 li
1569 2395 1711 2434 nostri

79 2456 273 2507 exercitij
306 2457 396 2496 fino
417 2469 442 2496 a
461 2459 587 2497 tanto
616 2458 685 2498 ch'
718 2471 766 2498 ce
786 2459 853 2499 sia
883 2460 1003 2500 detto
1033 2460 1160 2500 altro.
1187 2461 1222 2500 11
1244 2461 1292 2501 Ρ.
1316 2461 1484 2500 Xiauer
1503 2461 1525 2500 6.
1546 2460 1711 2500 andato

139 2636 157 2655 a
178 2629 278 2660 tutta
301 2638 372 2661 φης.

139 2790 149 2807 ¹
173 2788 226 2820 Ex
248 2790 394 2830 autogr.
420 2790 459 2822 in
483 2790 562 2823 cod.
597 2791 688 2824 Ital.
713 2791 797 2829 117,
816 2792 839 2824 f.
864 2793 947 2832 284;
972 2793 1078 2834 prius
1101 2793 1152 2826 39.
1177 2794 1347 2835 Epistula
1371 2794 1458 2826 data
1487 2794 1626 2826 dicitur
1648 2794 1708 2827 die

78 2841 117 2872 10
138 2840 260 2877 Iunii:
285 2841 350 2873 sed
373 2842 405 2874 si
429 2844 667 2884 comparatur
689 2852 772 2876 cum
806 2844 981 2885 epistulis
1004 2846 1313 2886 praecedentibus
1340 2846 1405 2879 ΡΡ.
1431 2845 1555 2879 Crucii
1579 2847 1614 2879 et
1637 2847 1708 2879 Xa-

76 2894 206 2933 vierre,
232 2894 329 2927 clare
352 2897 507 2937 apparet
530 2896 627 2929 hane
651 2906 732 2930 esse
756 2897 832 2929 illis
855 2898 1110 2939 posteriorem.
1135 2899 1191 2931 113
1206 2909 1240 2932 ν.
1259 2909 1293 2941 g.
1319 2899 1356 2931 P.
1378 2899 1554 2932 Xavierre
1578 2900 1617 2932 in
1632 2900 1708 2942 epi-

76 2947 176 2979 stula
198 2948 258 2980 die
280 2948 321 2980 25
343 2948 443 2981 Iunii
467 2949 555 2982 data
577 2950 670 2982 dicit
693 2960 732 2983 se
755 2951 896 2983 iturum
920 2951 1073 2984 Paulam
1096 2953 1141 2985 ad
1165 2953 1354 2985 ducissam
1377 2953 1421 2985 de
1444 2953 1574 2986 Castro
1589 2953 1708 2986 Villar

75 3001 331 3038 invisendam:
351 3002 390 3034 in
414 3002 483 3035 hac
506 3012 593 3036 vero
615 3004 756 3036 dicitur
781 3018 796 3033 «
813 3005 839 3037 il
863 3005 900 3036 P.
920 3006 1060 3038 Xiauer
1081 3005 1101 3038 6
1124 3007 1263 3039 andato
1279 3016 1301 3039 a
1317 3007 1453 3039 uisitar
1469 3007 1504 3039 13
1521 3008 1706 3040 duchessa

75 3053 113 3086 di
137 3053 266 3087 Castro
289 3055 408 3088 Villar
430 3069 445 3085 »
453 3080 515 3089 .....
541 3057 610 3089 610.
634 3057 728 3090 Vide
751 3058 859 3099 epist.
882 3059 954 3098 538,
978 3059 1051 3099 539,
1076 3060 1149 3100 543,
1174 3061 1248 3093 544.
