2099 3516
455 264 523 300 706
928 262 1134 298 LITTERAE
1161 262 1505 306 QUADmMEsTREs

1174 480 1272 528 613

797 618 1186 669 ALVARUS
1242 618 1340 668 DE
1396 619 1650 669 ORIVE

876 766 1148 792 VALLISOLETO
1175 757 1197 792 6
1223 766 1412 792 IANUARH
1439 756 1529 792 15602
1556 757 1579 792 1.

406 883 442 917 1.
473 878 703 918 Sociorum
746 889 976 915 numerus.
1022 877 1250 926 Religiosa
1279 876 1533 926 disciplina.
1565 877 1766 915 Admissi
1806 879 1855 916 in
1886 876 2024 916 Socie-

513 944 659 982 tatem.
697 942 937 980 Canditati.
972 940 1347 980 Scholasticorum
1375 941 1611 990 profectus,
1636 963 1684 967 —
1716 945 1757 980 2.
1791 941 2024 981 Contiones

507 1009 733 1058 plurimae
761 1018 837 1044 nec
865 1018 955 1044 uno
988 1006 1092 1051 loco,
1115 1005 1365 1054 crebrisque
1394 1005 1674 1043 auditoribus
1701 1006 1870 1055 gratae,
1895 1018 2024 1056 prae-

510 1074 666 1111 sertim
710 1071 865 1109 Patris
913 1070 1144 1109 Gutie'rrez
1174 1071 1293 1120 apud
1335 1072 1485 1108 curiae
1530 1070 1853 1117 administros;
1896 1072 2024 1110 cuius

509 1139 644 1176 etiam
674 1137 859 1175 consilio
890 1136 1035 1174 multa
1065 1135 1176 1174 bona
1206 1137 1253 1173 in
1283 1135 1535 1173 carceribus
1563 1136 1687 1185 qesta
1715 1136 1834 1174 sunt.
1856 1158 1906 1161 —
1928 1139 2022 1174 3-4.

509 1204 589 1241 Lis
619 1215 753 1252 quam
779 1214 860 1251 pro
884 1201 1140 1250 placentino
1170 1200 1351 1249 collegio
1376 1201 1662 1250 persequitur
1691 1199 1742 1238 P.
1780 1199 2021 1248 Gutierrez,

509 1266 741 1306 Societatis
770 1266 1095 1305 emistimationi
1124 1277 1214 1303 non
1252 1265 1378 1303 modo
1408 1277 1498 1303 non
1541 1264 1668 1311 obest,
1700 1277 1854 1304 verum
1888 1277 2024 1304 causa

508 1334 697 1371 maioris
727 1332 1048 1370 benevolentiae
1076 1331 1153 1368 est.
1178 1331 1415 1368 Auxitimn
1439 1331 1712 1379 praestitum
1732 1332 1822 1368 reis
1852 1331 1900 1369 ob
1928 1343 2022 1381 pec-

508 1399 607 1436 cata
635 1399 684 1435 in
705 1397 833 1446 fidem
862 1396 1115 1446 plectendis.
1140 1418 1189 1421 ——
1210 1399 1251 1433 5.
1278 1395 1644 1433 Circumcisionis
1664 1396 1826 1444 festum
1847 1396 2022 1434 sollem-

508 1464 614 1501 nius
645 1463 803 1500 actimn.
834 1484 885 1487 —
915 1465 955 1499 6.
985 1461 1295 1499 Accedentium
1326 1460 1383 1498 ad
1419 1460 1703 1498 sacramenta
1743 1461 1901 1510 ingens
1943 1472 2022 1499 nu-

509 1540 674 1566 merus.
699 1549 749 1552 —
772 1530 811 1564 7.
838 1525 1045 1565 Graviter
1066 1525 1398 1575 aegrotantium
1420 1537 1542 1563 cura.
1567 1546 1616 1550 —
1638 1528 1679 1562 8.
1700 1525 1810 1563 Acta
1828 1526 1878 1563 in
1898 1525 2023 1563 urbis

507 1593 723 1631 incendio.
762 1614 805 1618 -—
836 1595 877 1629 9.
908 1590 1290 1629 Xenodochioram
1321 1591 1535 1628 visitatio.
1567 1611 1618 1614 —
1646 1593 1717 1628 10.
1750 1589 1877 1628 Fidei
1906 1590 2021 1628 chri-

507 1658 683 1696 stianae
728 1657 986 1695 rudimenta
1024 1668 1105 1705 per
1148 1657 1264 1693 vicos
1294 1655 1519 1693 docentur.
1565 1655 1705 1693 Paces
1734 1655 1852 1692 inter
1890 1654 2021 1706 dississ

510 1723 658 1760 dentes
688 1722 1029 1771 componmztur.
1054 1742 1101 1745 -
1139 1724 1202 1758 11.
1234 1721 1463 1758 Excursus
1502 1721 1550 1758 in
1580 1721 1777 1758 vicinum
1812 1719 2021 1769 oppidum

508 1788 674 1825 occasio
704 1786 1007 1825 conversionis
1031 1786 1275 1834 peccatoris
1305 1784 1649 1822 obstinatissimi
1678 1785 1755 1822 est.

483 1910 518 1949 1.
552 1909 641 1948 lhs.
675 1908 925 1948 Admodum
957 1906 1051 1947 Rde
1082 1907 1128 1946 in
1171 1906 1299 1947 Chro.
1334 1907 1403 1946 Pr.
1437 1906 1527 1945 Pax
1566 1905 1730 1946 Christi
1774 1908 1855 1946 etc.
1889 1906 2022 1958 [Duo-

403 1975 648 2025 detriyinta
676 1976 785 2013 socii
828 1975 1063 2024 collegium
1106 1974 1319 2020 incolunt,
1353 1974 1428 2022 qui
1466 1985 1629 2020 omneS,
1661 1973 1791 2011 unico
1834 1973 2019 2022 excepto,

403 2040 504 2079 bene
534 2041 711 2088 valent;
741 2052 977 2088 onmesque
1007 2039 1064 2077 ad
1090 2039 1401 2088 perfectionem
1445 2038 1620 2076 ratione
1649 2038 1688 2076 et
1717 2050 1839 2076 more
1867 2038 2020 2076 nostro

402 2103 702 2155 contendunt]
735 2103 795 2141 Ex
825 2102 1037 2153 quinque,
1068 2104 1159 2141 tum
1192 2101 1484 2147 scholasticis,
1517 2103 1611 2140 tum
1639 2100 1825 2147 clericis,
1856 2101 2019 2152 quibus

401 2168 607 2207 exercitia
637 2167 890 2217 spiritualia
919 2168 1023 2205 sunt
1051 2166 1228 2210 tradita.
1254 2177 1370 2205 unus
1391 2166 1435 2204 in
1457 2167 1657 2205 nostrum
1680 2165 2019 2205 contubernium

400 2235 465 2272 est
508 2234 737 2283 coaptatus
758 2239 790 2279 ss.
823 2231 960 2270 sacris
990 2231 1193 2270 initiatus
1235 2230 1483 2274 ordinibus.
1515 2230 1678 2281 quique
1713 2230 2020 2281 grammatices

400 2299 531 2348 atque
560 2297 803 2336 rethoricae
833 2296 1084 2335 facultatem
1116 2308 1202 2334 non
1229 2296 1504 2335 mediocriter
1523 2296 1665 2334 fuerat
1685 2295 1924 2346 professus,
1947 2295 2020 2335 fiet

400 2362 491 2401 Deo
521 2361 619 2412 Opt.
652 2362 764 2401 Max.
797 2362 921 2405 duce.
950 2363 998 2400 ut
1027 2361 1373 2410 expectationem
1394 2372 1526 2411 quam
1548 2360 1601 2399 de
1622 2360 1699 2399 illo
1719 2359 2016 2410 concepimus,

401 2428 472 2467 uel
502 2428 668 2474 uincat,
700 2427 772 2466 uel
811 2426 959 2465 saltim
1004 2428 1160 2476 aequet
1188 2427 1217 2464 2.
1252 2425 1326 2464 Est
1367 2427 1561 2476 preterea
1592 2425 1708 2464 alius
1745 2425 2015 2473 adolescens,

399 2492 475 2543 qui
507 2492 790 2531 uehementer
835 2493 957 2541 optat
987 2491 1034 2529 in
1063 2490 1323 2530 Societatem
1372 2492 1569 2529 nostram
1607 2489 1797 2539 admitti,
1847 2501 1926 2529 nec
1971 2501 2018 2529 se

462 2670 480 2688 a
500 2660 568 2693 Sic
590 2661 622 2692 A
647 2662 683 2693 et
705 2660 739 2693 Β
755 2670 831 2702 pro
854 2660 1059 2702 cooptatus

461 2829 470 2846 ¹
494 2827 546 2859 Ex
569 2827 727 2868 autogr„
752 2827 794 2858 ut
818 2821 966 2858 videtur
991 2825 1069 2866 (A),
1095 2825 1133 2857 in
1158 2825 1235 2857 cod.
1260 2824 1373 2866 Hisp.
1398 2825 1457 2862 99,
1483 2826 1502 2857 2
1523 2825 1559 2858 ff.
1578 2834 1640 2857 nn.
1665 2825 1715 2865 29,
1733 2825 1795 2864 30;
1821 2824 1925 2866 prius
1940 2824 2012 2857 404.

399 2880 462 2912 Est
485 2880 587 2912 aliud
610 2879 816 2920 exemplum
849 2878 1011 2910 latinum
1035 2878 1100 2919 (B)
1124 2878 1163 2910 in
1198 2878 1233 2910 ff.
1257 2879 1308 2917 32,
1332 2879 1383 2917 33,
1410 2879 1448 2910 in
1482 2887 1556 2920 quo
1589 2878 1717 2919 aliqua
1738 2877 1850 2910 verba
1876 2877 2014 2910 rectius

441 2933 470 2964 ri
499 2934 537 2964 ta
560 2933 659 2964 sunt.

399 2943 437 2965 SC
460 2943 649 3018 SpVidetur
671 2985 732 3026 agi
756 2985 799 3017 de
823 2984 858 3016 P.
885 2983 1079 3015 Melchiore
1102 2984 1146 3016 de
1168 2984 1223 3016 las
1247 2983 1400 3023 Cuevas,
1425 2984 1490 3025 qui
1513 2984 1597 3025 post
1626 2992 1763 3025 paucos
1785 2992 1929 3015 menses
1952 2981 2014 3015 So-

398 3038 568 3071 cietatem
591 3038 755 3079 reliquit,
780 3038 821 3069 ut
845 3036 968 3077 colligi
991 3037 1112 3077 potest
1135 3046 1179 3068 ex
1202 3037 1280 3069 cod.
1309 3037 1409 3069 Cast.
1435 3036 1492 3073 13,
1517 3036 1552 3069 ff.
1579 3037 1618 3068 16
1639 3037 1676 3069 et
1697 3035 1794 3068 42bis
1811 3061 1818 3068 .
