2099 3516
384 257 449 292 152
848 258 1052 295 LITTERAE
1086 259 1431 304 QUADfflMsssTRES

333 377 508 414 centum
551 387 708 415 aureos
751 377 879 416 nobis
922 377 1087 428 legare:
1134 378 1208 416 fiat
1243 378 1452 417 uoluntas
1482 378 1560 417 Dei
1590 390 1720 430 quem
1764 391 1897 430 penes
1931 388 1950 406 ὓ

333 438 502 477 coelum
533 441 598 477 est
626 442 841 490 terraque.

409 503 447 543 4.
480 503 525 542 P.
561 504 717 543 Rector
753 507 816 544 tot
845 505 1067 556 tantisque
1110 506 1228 545 curis
1270 505 1508 546 distinetur
1554 508 1671 557 (nam
1716 509 1947 547 basilicam

332 567 491 606 habere
522 567 728 619 uidetur),
761 572 808 608 ut
840 569 912 608 uix
942 569 1092 619 aliqua
1121 570 1207 609 diei
1239 581 1354 620 pars,
1387 582 1485 610 cum
1518 583 1606 610 non
1633 572 1869 612 admodum
1902 584 1948 612 se

330 631 549 681 respiciat,
594 633 684 672 otio
726 634 962 672 concedere
1006 634 1174 674 ualeat:
1224 635 1464 674 accersitur
1512 637 1690 686 saepius
1733 637 1788 676 ad
1820 649 1948 687 paces

329 697 670 746 componendas,
702 698 1002 737 confessiones
1022 699 1345 749 aegrotantium
1377 711 1696 751 procerumque
1726 701 1946 741 interdum

329 760 624 811 excipiendas,
643 762 809 801 ciuium
826 762 926 801 lites
941 762 1234 811 dirimendas;
1254 764 1382 803 cuius
1400 776 1532 814 opera
1550 765 1677 804 multi
1695 766 1948 805 reconcilia-

329 826 373 864 ta
393 826 549 875 gratia,
581 826 626 865 in
658 826 889 876 pristinam
911 828 1264 867 beneuolentiam
1296 829 1475 868 rediere.
1518 829 1683 869 Diebus
1713 830 1947 870 dominicis

328 902 378 930 ac
407 891 558 930 faestis
587 892 669 930 sub
700 903 907 942 uesperas
936 893 1238 940 concionatur,
1262 895 1304 932 et
1324 905 1421 932 cum
1454 894 1565 933 bene
1597 906 1755 945 magna
1776 896 1948 934 concio-

328 966 427 994 nem
457 955 656 994 auditum
700 955 892 1005 confluat
934 959 1125 1003 caterua,
1159 959 1251 996 tum
1282 958 1567 1007 aequissimis
1611 959 1795 998 auribus
1824 960 1947 999 audi-

327 1021 471 1058 torum
503 1020 654 1059 utitur.
687 1019 835 1070 Nuper
864 1020 909 1059 in
939 1020 1109 1071 aliquot
1138 1021 1232 1060 dies
1262 1033 1472 1072 uesperae
1505 1023 1720 1073 (deposito
1755 1024 1945 1074 quodam

326 1096 435 1123 sono
465 1085 592 1135 quasi
622 1085 816 1135 lugubri,
848 1098 935 1136 quo
965 1086 1089 1135 prius
1121 1087 1368 1136 utebamur)
1414 1090 1594 1138 coeptae
1625 1091 1729 1127 sunt
1773 1089 1945 1128 recitari

326 1149 628 1188 modulatione
656 1150 790 1197 dulci,
822 1161 921 1189 cum
965 1150 1113 1190 adsint
1157 1151 1328 1191 musici.
1363 1151 1476 1190 Hinc
1520 1152 1771 1192 coniectura
1803 1154 1946 1193 facilis

326 1215 391 1251 est
420 1213 503 1252 hoc
534 1214 670 1253 melos
712 1214 909 1264 apprime
938 1215 1146 1254 omnibus
1189 1215 1415 1255 arrisisse:
1448 1217 1659 1267 quoniam
1704 1217 1945 1257 familiares

325 1277 504 1327 quidam
549 1290 630 1317 nos
672 1278 894 1329 adijerunt
923 1279 967 1318 id
1005 1281 1356 1330 comprobantes,
1390 1283 1432 1320 et
1462 1281 1523 1320 ita
1553 1293 1599 1320 se
1640 1282 1836 1332 uesperis
1879 1282 1943 1321 in-

324 1344 468 1381 tentos
497 1354 592 1382 esse
622 1343 886 1390 fatebantur,
919 1346 967 1383 ut
996 1355 1099 1394 prae
1129 1344 1265 1383 nimia
1296 1345 1532 1392 suauitate,
1566 1357 1665 1385 cum
1696 1347 1781 1385 sibi
1810 1346 1944 1387 ferme

323 1406 369 1445 in
398 1407 532 1446 coelis
574 1408 832 1458 angelorum
874 1409 1023 1448 cantui
1066 1409 1220 1449 adesse
1265 1409 1535 1457 uiderentur,
1591 1411 1710 1450 ullus
1739 1412 1943 1461 precibus

323 1471 447 1510 locus
477 1472 677 1523 nequiret
707 1472 725 1498 b
754 1473 959 1524 relinqui.
998 1474 1085 1524 Alij
1119 1486 1164 1513 se
1195 1474 1326 1513 malle
1372 1486 1482 1525 pane
1513 1487 1600 1514 non
1632 1476 1766 1523 uesci,
1809 1489 1941 1527 quam

323 1536 628 1575 huiuscemodi
653 1537 818 1587 priuari
848 1538 1052 1585 melodia,
1083 1539 1227 1578 dicere
1247 1551 1336 1578 non
1358 1539 1635 1579 dubitabant.
1661 1540 1743 1579 Sed
1765 1541 1943 1591 quando

323 1600 459 1640 taesta
503 1601 795 1649 defluxerunt,
842 1603 925 1641 hoc
971 1604 1217 1653 postposito
1260 1606 1408 1650 cantu,
1454 1605 1685 1644 concinere
1728 1605 1943 1645 duntaxat

322 1677 455 1711 more,
488 1668 536 1705 ut
566 1667 701 1717 uulgo
732 1670 1027 1718 nuncupatur,
1060 1668 1322 1719 gregoriano
1352 1676 1367 1694 0
1391 1700 1400 1715 ,
1438 1680 1594 1708 sumus
1624 1670 1856 1720 auspicati.

399 1731 437 1769 ἵ).
470 1730 592 1770 Duae
622 1731 693 1770 hic
731 1732 895 1771 classes
937 1733 1242 1772 tantummodo
1286 1733 1568 1783 aperiuntur;
1602 1734 1648 1772 in
1678 1746 1768 1773 una
1798 1735 1943 1774 rheto-

321 1795 424 1841 rica,
458 1795 683 1840 Horatius,
707 1796 1020 1836 Ciceronianae
1040 1797 1262 1836 orationes
1284 1809 1372 1837 una
1393 1810 1492 1837 cum
1514 1799 1799 1849 grammatica
1821 1811 1941 1848 grae-

319 1872 368 1899 ca
398 1860 734 1911 praeleguntum
759 1861 802 1900 in
826 1861 962 1900 altera
983 1862 1291 1912 grammatices
1312 1865 1558 1914 praecepta,
1581 1864 1810 1914 Virgilius,
1833 1864 1939 1904 Tul-

320 1924 408 1964 lius
436 1924 489 1963 de
511 1925 740 1973 Amicitia3
764 1928 925 1965 etcum
960 1927 1197 1965 multitudo
1234 1939 1469 1977 puerorum
1500 1929 1725 1978 perampla
1764 1929 1938 1972 existat.

319 1989 494 2028 duobus
524 1990 734 2029 iratribus
767 1993 979 2041 tanquam
1023 1991 1413 2042 hyppodidascalis
1444 2004 1512 2031 res
1542 1995 1607 2032 est
1650 2005 1747 2032 cum
1792 1995 1941 2033 abece-

318 2054 456 2104 dariis
474 2055 700 2106 primaque
716 2055 992 2095 erudimenta
1008 2056 1339 2096 imbibentibus.
1355 2057 1484 2096 Pater
1500 2058 1673 2097 tametsi
1692 2057 1740 2098 N.
1756 2059 1940 2097 Prouin—

318 2119 444 2158 cialis
488 2122 515 2166 1,
547 2120 623 2170 qui
664 2120 859 2170 proxime
904 2121 988 2159 huc
1033 2124 1181 2171 attigit
1220 2120 1253 2168 d,
1299 2122 1425 2161 cuius
1469 2122 1689 2162 aduentus
1731 2123 1939 2163 omnibus

318 2183 465 2233 gaudij
499 2184 727 2224 cumulum
748 2185 950 2224 attulisse
972 2185 1161 2232 uidetur,
1186 2186 1320 2225 alium
1354 2186 1448 2225 ludi
1479 2187 1739 2237 magistrum
1769 2199 1794 2226 a
1816 2187 1862 2227 P.
1887 2187 1934 2227 T.

378 2349 394 2367 a
424 2351 534 2382 penes
558 2351 680 2383 supra
709 2352 806 2375 cers.
831 2361 871 2365 —
895 2343 911 2369 b
933 2343 1055 2375 Prius
1080 2344 1243 2376 nullus...
1268 2345 1403 2385 quiret.
1443 2363 1482 2366 —
1517 2354 1531 2371 c
1562 2345 1781 2385 gregoriano
1811 2355 1935 2386 supra

319 2402 416 2426 vers.
441 2413 480 2416 —-
503 2394 521 2420 d
542 2395 644 2427 venit
667 2395 746 2427 Pol.

314 2546 348 2578 la
372 2546 597 2588 Compagnia
620 2548 658 2579 fu
682 2549 720 2579 in
745 2548 855 2580 Siena
880 2549 1061 2581 Madonna
1098 2550 1224 2581 Frasia
1248 2550 1450 2582 Orlandina
1482 2551 1614 2592 moglie
1642 2551 1699 2583 del
1722 2551 1934 2594 q[uondam]

314 2599 494 2640 Capitano
518 2601 671 2633 Geraldo
698 2601 882 2642 Saracenj,
919 2601 1136 2634 commincio
1172 2603 1193 2634 a
1227 2603 1461 2644 frequentare
1498 2604 1533 2635 la
1565 2605 1693 2636 nostra
1727 2604 1864 2644 chiesa,
1900 2606 1935 2637 et

314 2652 441 2693 agiuto
466 2654 576 2685 molto
600 2654 625 2685 il
649 2655 802 2695 collegio
826 2655 919 2686 nelle
942 2664 1025 2688 cose
1048 2657 1252 2697 temporali,
1279 2657 1465 2689 sendoche
1489 2667 1553 2698 per
1577 2658 1680 2689 molti
1714 2659 1805 2690 mesi
1829 2659 1934 2691 diede

313 2715 421 2737 carne
445 2715 508 2747 per
530 2708 584 2738 tre
607 2707 727 2747 giorni
752 2708 785 2739 la
810 2709 1021 2747 settimana,
1047 2709 1153 2740 diede
1175 2710 1283 2750 quasi
1308 2711 1408 2741 tutte
1432 2710 1465 2742 le
1490 2711 1697 2742 masseritie
1730 2719 1794 2752 per
1817 2711 1851 2743 la
1875 2721 1935 2743 cu-

313 2760 397 2790 cina
419 2761 455 2790 et
479 2759 676 2794 rifettorio:
702 2760 807 2792 diede
830 2761 943 2792 molta
966 2761 1182 2794 biancheria
1203 2758 1241 2794 'et
1266 2764 1473 2803 paramenti
1509 2772 1573 2804 per
1606 2763 1641 2795 la
1675 2764 1869 2804 sagrestia,
1898 2766 1932 2796 et

313 2811 523 2843 finalmente
548 2813 579 2843 si
604 2822 707 2853 prese
730 2822 818 2844 cura
841 2814 877 2845 di
903 2815 1026 2846 tenere
1050 2814 1154 2846 finito
1179 2815 1204 2846 il
1228 2815 1381 2856 collegio
1406 2816 1442 2848 di
1467 2816 1681 2848 biancherie
1705 2816 1727 2848 a
1749 2817 1800 2848 tal
1824 2816 1891 2849 che
1907 2817 1933 2848 il

312 2865 464 2905 collegio
488 2874 588 2897 come
611 2865 632 2897 a
656 2866 841 2907 singolare
863 2866 1087 2899 henefatrice
1112 2876 1150 2899 se
1173 2868 1197 2899 li
1223 2869 1359 2900 truoua
1392 2869 1504 2900 molto
1538 2869 1705 2910 ubligato
1722 2882 1751 2901 ».
1787 2869 1828 2901 In
1852 2870 1930 2902 cod.

312 2917 419 2949 Rom.
446 2918 529 2957 126,
554 2918 577 2950 f.
604 2919 675 2950 258.

375 2973 384 2989 1
408 2971 444 3001 P.
470 2971 599 3003 Petrus
622 2972 665 3003 de
688 2972 947 3005 Ribadeneira.
966 2972 1052 3013 Legi
1078 2974 1199 3014 potest
1217 2975 1376 3015 epistula
1394 2984 1505 3016 quam
1522 2975 1768 3008 Ribadeneira
1781 2976 1931 3016 scripsit

311 3023 356 3054 ad
380 3023 551 3055 Lainium
575 3025 633 3056 die
656 3025 696 3056 '29
719 3024 927 3056 Decembris
952 3025 1041 3057 1560.
1067 3025 1119 3057 Cf.
1144 3026 1428 3064 Ribadeneira‚
1454 3027 1481 3067 I,
1505 3028 1566 3060 347
1589 3037 1668 3070 sqq.
