2099 3516
474 293 554 331 613.
583 316 620 320 —
651 294 934 331 VALLISOLETO
960 294 982 330 6
1009 294 1202 331 IANUARII
1230 294 1322 330 1562
1608 294 1680 329 707

97 412 324 452 continere
371 412 530 463 potuit,
576 413 686 464 quin
716 416 821 453 uoto
869 413 1131 453 Societatem
1175 412 1453 464 ingrediendi
1503 412 1621 452 intra
1651 424 1727 453 sex

98 477 319 517 mensium
345 477 635 517 interuallum
656 490 702 518 se
723 479 1060 529 constringeret.
1084 478 1167 518 Hic
1187 479 1359 529 praeter
1379 477 1554 528 generis
1583 478 1728 528 splen-

96 543 248 582 dorem
276 542 461 582 sortitus
490 543 556 581 est
576 554 651 582 eas
671 543 810 582 animi
832 545 874 583 et
902 543 1100 594 corporis
1120 543 1260 591 dotes,
1283 554 1396 593 quae
1426 543 1729 582 accommoda-

96 607 269 647 tissime
298 607 354 647 ad
392 606 626 647 Societatis
668 610 846 648 nostrae
890 620 1074 648 munera
1116 608 1321 648 obeunda
1365 619 1461 647 esse
1503 608 1726 649 uidentur.

97 672 192 713 Hoc
220 684 355 720 anno,
387 671 564 712 Christo
594 672 789 723 auspice,
814 673 869 713 ad
891 676 1135 713 extremum
1166 673 1417 724 theologiae
1446 685 1604 713 cursus
1633 685 1727 724 per-

97 738 260 786 ueniet,
292 749 499 789 prospere
528 737 706 788 quidem
751 740 968 789 quantum
1012 739 1116 778 talis
1159 739 1241 778 fert
1270 740 1414 786 aetas;
1447 739 1581 778 habet
1610 739 1727 778 enim

96 803 314 855 quosdam
339 802 508 854 ingenij
532 802 771 853 igniculos,
794 804 870 853 qui
893 816 1055 854 magna
1075 804 1128 843 de
1149 815 1195 843 se
1216 803 1471 854 promittere
1500 803 1725 844 uidentur.

96 868 257 908 Decem
286 868 519 918 hucusque
548 878 601 906 ex
630 867 797 907 nostris
827 868 975 908 studia
1005 880 1156 908 sacrae
1177 868 1428 919 theologiae
1459 870 1726 919 protraxere,

96 944 287 984 quorum
317 932 540 984 profectus
569 931 617 970 in
646 932 741 971 dies
771 933 943 972 auctior
972 935 1052 982 est,
1084 935 1125 972 et
1155 933 1273 984 apud
1302 935 1475 972 exteros
1504 933 1550 972 in
1580 933 1664 973 hac
1684 945 1729 973 re

95 997 312 1038 celebrior
339 997 506 1049 opinio.

175 1063 213 1103 2.
246 1062 369 1113 Opus
398 1064 465 1102 est
489 1062 583 1114 jam
613 1064 662 1102 ut
692 1062 870 1102 ueniam
901 1063 956 1102 ad
987 1063 1163 1103 labores
1193 1071 1210 1089 ἃ
1231 1075 1344 1114 quos
1366 1063 1413 1102 in
1434 1063 1518 1103 hoc
1547 1062 1728 1103 Domini

95 1127 323 1180 praediolo
370 1127 524 1167 Patres
571 1127 712 1167 nostri
761 1127 963 1168 hilariter
1010 1129 1250 1177 contulere,
1283 1128 1360 1180 qui
1399 1128 1437 1168 si
1473 1128 1728 1168 minutatim

95 1194 243 1233 essent
272 1192 504 1240 referendi,
537 1192 615 1232 uix
644 1192 858 1243 epistolae
890 1193 1070 1233 modum
1101 1196 1317 1241 tenerem;
1341 1205 1416 1233 eos
1446 1195 1595 1233 tamen
1624 1194 1730 1234 sub-

95 1258 261 1310 iJciam,
293 1269 346 1298 ex
389 1257 554 1308 quibus
584 1257 713 1297 facile
742 1258 823 1297 erit
855 1260 1050 1298 coeteros
1090 1259 1358 1310 conjecturis
1392 1259 1565 1299 ducere.
1613 1258 1728 1309 Qua-

95 1325 197 1364 tuor
226 1323 379 1363 Patres
410 1322 568 1374 majori
598 1335 650 1362 ex
681 1325 804 1374 parte
834 1323 881 1362 in
911 1324 1367 1375 magnificentioribus
1410 1324 1547 1375 hujus
1576 1324 1728 1375 oppidi

95 1388 274 1440 templis
303 1388 447 1428 solent
477 1388 524 1427 in
553 1388 813 1428 concionem
844 1389 1101 1439 procedere,
1135 1401 1236 1429 nam
1260 1390 1385 1429 nulla
1415 1390 1503 1429 fere
1533 1391 1600 1430 est
1629 1402 1727 1430 con-

94 1453 178 1502 cio,
210 1465 324 1505 quae
354 1453 598 1493 honorifica
628 1453 700 1501 sit,
732 1465 846 1505 quae
873 1454 1081 1493 Patribus
1103 1455 1269 1494 nostris
1300 1467 1389 1494 non
1420 1455 1726 1505 demandetur,

94 1530 195 1559 cum
224 1518 338 1559 alias
367 1518 441 1558 hic
469 1519 620 1558 adsint
659 1518 860 1570 insignes
903 1519 1262 1567 concionatores3
1297 1522 1419 1559 tanta
1449 1522 1515 1560 est
1544 1520 1600 1560 ad
1629 1532 1729 1560 nos—

94 1585 186 1625 tros
215 1584 354 1624 animi
383 1596 484 1624 cum
514 1583 645 1624 laude
674 1584 926 1635 propensio.
957 1584 1072 1624 Hinc
1101 1585 1163 1633 fit,
1187 1587 1235 1625 ut
1264 1585 1602 1636 copiosissimus
1632 1585 1650 1612 ¹>
1671 1587 1728 1626 sit

94 1648 349 1689 auditorum
380 1661 639 1695 concursus,
664 1661 755 1689 non
781 1651 955 1689 tantum
979 1650 1148 1700 plaebei
1171 1650 1357 1698 ordinis,
1381 1651 1457 1690 sed
1487 1653 1528 1690 et
1558 1663 1726 1697 eorum,

94 1714 171 1766 qui
201 1716 295 1754 tum
325 1714 373 1754 in
401 1714 559 1762 literis,
593 1717 685 1754 tum
717 1714 762 1754 in
793 1715 967 1765 generis
997 1715 1232 1766 splendore
1263 1715 1428 1767 primas
1450 1716 1621 1765 ferunt,
1654 1728 1730 1756 au-

94 1779 260 1820 ditores
289 1791 483 1831 namque
512 1781 552 1820 et
584 1782 809 1831 praetores
839 1781 1145 1822 cancellariae.
1179 1793 1313 1831 penes
1356 1793 1468 1832 quos
1497 1783 1563 1821 est
1592 1782 1730 1833 hujus

94 1844 220 1895 regni
250 1845 620 1896 gubernaculum,
653 1845 915 1896 iurisperiti,
948 1846 1169 1893 aduocati,
1207 1846 1417 1897 collegae,
1454 1846 1621 1898 aliJ'que
1642 1846 1729 1886 uiri

94 1910 273 1959 literati,
305 1922 481 1950 necnon
510 1910 808 1951 illustrissimi
847 1911 1067 1957 homines,
1114 1913 1207 1951 tum
1238 1911 1436 1959 comites,
1478 1913 1573 1952 tum
1617 1924 1729 1951 mar-

93 1975 277 2016 chiones
306 1976 696 2028 fraequentissime
739 1976 793 2015 ad
838 1976 1085 2016 audiendas
1130 1977 1311 2017 Patrum
1354 1977 1592 2017 conciones
1625 1989 1726 2017 con-

93 2040 229 2081 fluere
271 2041 430 2081 solent.
463 2040 676 2082 Canonici
722 2041 858 2093 hujus
904 2042 1160 2093 metropolis
1203 2044 1396 2082 statuere
1440 2054 1588 2082 secum
1620 2043 1726 2083 huic

94 2108 247 2146 nostro
277 2106 465 2158 collegio
496 2119 632 2147 unam
671 2118 725 2146 ex
754 2107 826 2147 his
864 2107 1157 2147 concionibus
1200 2107 1444 2157 assignare,
1477 2120 1590 2159 quae
1620 2108 1729 2160 qua-

93 2171 371 2223 dragesimae
401 2174 597 2222 tempore
628 2172 675 2211 in
705 2172 909 2223 singulas
930 2172 1262 2212 haebdomadas
1283 2183 1358 2223 per
1379 2173 1486 2212 anni
1512 2172 1729 2213 circulum
1760 2178 1762 2180 ’

94 2236 277 2277 deuolui
307 2236 433 2276 solet.
467 2224 721 2277 Canonicus
755 2237 955 2288 quidam,
988 2237 1058 2276 uir
1096 2249 1284 2288 magnae
1314 2237 1615 2286 authoritatis,
1648 2238 1728 2278 im-

94 2301 300 2352 portunis
323 2302 557 2352 praecibus
579 2303 875 2342 contendebat
892 2303 948 2342 ab
969 2303 1172 2342 auditore
1193 2303 1500 2351 cancellariae,
1522 2305 1571 2343 ut
1591 2315 1731 2354 quan-

93 2368 189 2407 tum
216 2367 292 2419 Jus
321 2379 602 2419 aequumque
626 2370 863 2419 pateretur,
889 2368 1127 2419 protelaret
1153 2376 1166 2394 ⁰
1188 2368 1454 2407 sententiam
1477 2368 1601 2408 illius
1630 2381 1731 2409 cau-

93 2443 183 2480 sae,
215 2443 351 2483 quam
381 2432 511 2472 Pater
554 2432 808 2473 Gutterrius
838 2435 850 2457 1
882 2445 961 2484 pro
996 2433 1246 2484 placentino
1291 2433 1479 2485 collegio
1523 2434 1596 2474 hic
1639 2435 1731 2486 agit

93 2499 226 2549 atque
254 2497 466 2547 defendit,
499 2500 547 2538 ut
577 2498 648 2538 uel
678 2498 742 2538 sic
771 2499 922 2538 liceret
951 2499 1048 2551 ejus
1070 2499 1361 2538 concionibus
1383 2499 1491 2547 frui,
1515 2501 1581 2539 est
1610 2500 1729 2540 enim

94 2562 142 2603 in
184 2563 268 2603 hoc
297 2575 455 2615 genere
486 2563 700 2604 mirificus
729 2564 902 2614 artifex,
935 2567 1086 2616 utpote
1117 2565 1193 2616 qui
1224 2565 1278 2604 ad
1314 2565 1508 2615 leporem
1552 2565 1728 2605 dicendi

91 2628 241 2681 jungit
287 2629 507 2669 sermonis
554 2629 807 2669 efficaciam.
842 2630 961 2670 Inter
1008 2631 1121 2670 alias
1151 2642 1286 2670 unam
1317 2630 1435 2681 apud
1465 2642 1541 2671 eos
1571 2631 1727 2671 habuit

94 2694 367 2743 concionem,
404 2707 492 2746 qua
535 2695 588 2735 de
618 2694 775 2735 timore
819 2696 1035 2735 tremendi
1061 2696 1221 2747 judicij
1253 2698 1293 2735 et
1337 2696 1494 2736 mortis
1536 2696 1598 2736 ita
1642 2696 1729 2736 dis-

93 2759 247 2810 seruit,
266 2759 378 2800 utin
394 2762 621 2811 stuporem
636 2760 854 2812 quosdam
871 2761 1130 2809 adduceret,
1149 2761 1419 2812 quibusdam
1437 2773 1542 2801 uero
1561 2763 1727 2801 metum

95 2824 487 2865 uehementissime
508 2825 738 2874 incuteret,
763 2826 872 2866 adeo
903 2828 951 2866 ut
981 2826 1058 2866 uix
1088 2828 1269 2877 possent
1300 2826 1355 2866 ad
1385 2826 1429 2866 id
1459 2827 1727 2867 credendum

157 2968 174 2987 a
195 2959 318 2993 labres
340 2960 386 2993 A.
413 2979 451 2983 ——
475 2961 493 2988 b
514 2961 824 3002 copiossissimus
847 2962 893 2995 A.
918 2981 958 2985 —
990 2971 1004 2989 e
1025 2962 1239 3003 protellaret
1262 2961 1308 2994 A.

155 3087 165 3104 ¹
195 3085 232 3119 P.
258 3085 441 3119 Martinus
464 3086 669 3127 GutierreZ,
694 3087 843 3129 collegii
867 3087 1072 3129 placentini
1097 3088 1226 3120 rector.
