<?xml version="1.0" encoding="UTF-8"?>
<!DOCTYPE html PUBLIC "-//W3C//DTD XHTML 1.0 Transitional//EN"
    "http://www.w3.org/TR/xhtml1/DTD/xhtml1-transitional.dtd">
<html xmlns="http://www.w3.org/1999/xhtml" xml:lang="en" lang="en">
 <head>
  <title>
</title>
<meta http-equiv="Content-Type" content="text/html;charset=utf-8" />
  <meta name='ocr-system' content='tesseract 3.04.00' />
  <meta name='ocr-capabilities' content='ocr_page ocr_carea ocr_par ocr_line ocrx_word'/>
</head>
<body>
  <div class='ocr_page' id='page_1' title='image "./litteraequadrime19lain_0543.png"; bbox 0 0 2099 3516; ppageno 0'>
   <div class='ocr_carea' id='block_1_1' title="bbox 450 268 1630 308">
    <p class='ocr_par' dir='ltr' id='par_1_1' title="bbox 450 268 1630 308">
     <span class='ocr_line' id='line_1_1' title="bbox 450 268 1630 308; baseline -0.003 0"><span class='ocrx_word' id='word_1_1' title='bbox 450 271 530 308; x_wconf 60' lang='lat'>572</span> <span class='ocrx_word' id='word_1_2' title='bbox 558 292 601 297; x_wconf 97' lang='lat'><strong>—</strong></span> <span class='ocrx_word' id='word_1_3' title='bbox 628 271 816 308; x_wconf 85' lang='lat' dir='ltr'>BILLOMO</span> <span class='ocrx_word' id='word_1_4' title='bbox 842 272 864 308; x_wconf 91' lang='lat'><strong>3</strong></span> <span class='ocrx_word' id='word_1_5' title='bbox 891 271 1147 308; x_wconf 71' lang='lat' dir='ltr'>SEPTEMBms</span> <span class='ocrx_word' id='word_1_6' title='bbox 1176 270 1264 306; x_wconf 80' lang='grc'><strong>1561</strong></span> <span class='ocrx_word' id='word_1_7' title='bbox 1561 268 1630 305; x_wconf 83' lang='grc'>517</span> 
     </span>
    </p>
   </div>
   <div class='ocr_carea' id='block_1_2' title="bbox 47 387 1682 2729">
    <p class='ocr_par' dir='ltr' id='par_1_2' title="bbox 47 387 1682 2729">
     <span class='ocr_line' id='line_1_2' title="bbox 130 387 1677 442; baseline -0.004 -11"><span class='ocrx_word' id='word_1_8' title='bbox 130 393 167 431; x_wconf 91' lang='grc'>1.</span> <span class='ocrx_word' id='word_1_9' title='bbox 200 391 289 431; x_wconf 83' lang='grc'><strong>1115.</strong></span> <span class='ocrx_word' id='word_1_10' title='bbox 324 391 415 430; x_wconf 84' lang='lat' dir='ltr'>Pax</span> <span class='ocrx_word' id='word_1_11' title='bbox 449 390 629 431; x_wconf 76' lang='lat' dir='ltr'>Christi.</span> <span class='ocrx_word' id='word_1_12' title='bbox 674 390 858 442; x_wconf 77' lang='lat' dir='ltr'>[Scribit</span> <span class='ocrx_word' id='word_1_13' title='bbox 894 393 1024 430; x_wconf 74' lang='lat' dir='ltr'>iussu</span> <span class='ocrx_word' id='word_1_14' title='bbox 1059 391 1112 428; x_wconf 90' lang='grc' dir='ltr'>Ρ.</span> <span class='ocrx_word' id='word_1_15' title='bbox 1152 387 1390 439; x_wconf 70' lang='lat' dir='ltr'>Rectoriss.</span> <span class='ocrx_word' id='word_1_16' title='bbox 1432 387 1520 428; x_wconf 91' lang='lat' dir='ltr'>Nec</span> <span class='ocrx_word' id='word_1_17' title='bbox 1558 387 1677 427; x_wconf 87' lang='lat' dir='ltr'>enim</span> 
     </span>
     <span class='ocr_line' id='line_1_3' title="bbox 51 454 1677 507; baseline -0.004 -10"><span class='ocrx_word' id='word_1_18' title='bbox 51 458 134 497; x_wconf 91' lang='lat' dir='ltr'>hoc</span> <span class='ocrx_word' id='word_1_19' title='bbox 153 457 250 496; x_wconf 89' lang='grc'><strong>1000</strong></span> <span class='ocrx_word' id='word_1_20' title='bbox 271 467 537 507; x_wconf 79' lang='lat' dir='ltr'>magnopere</span> <span class='ocrx_word' id='word_1_21' title='bbox 559 467 736 496; x_wconf 87' lang='lat' dir='ltr'>necesse</span> <span class='ocrx_word' id='word_1_22' title='bbox 759 456 900 495; x_wconf 90' lang='lat' dir='ltr'>habeo</span> <span class='ocrx_word' id='word_1_23' title='bbox 921 465 1266 494; x_wconf 88' lang='lat' dir='ltr'>commemorare</span> <span class='ocrx_word' id='word_1_24' title='bbox 1296 465 1409 504; x_wconf 89' lang='lat' dir='ltr'>quae</span> <span class='ocrx_word' id='word_1_25' title='bbox 1439 454 1482 492; x_wconf 92' lang='lat' dir='ltr'>et</span> <span class='ocrx_word' id='word_1_26' title='bbox 1510 454 1677 504; x_wconf 84' lang='lat' dir='ltr'>quanta</span> 
     </span>
     <span class='ocr_line' id='line_1_4' title="bbox 50 517 1679 572; baseline -0.004 -10"><span class='ocrx_word' id='word_1_27' title='bbox 50 521 184 562; x_wconf 87' lang='lat' dir='ltr'>fuerit</span> <span class='ocrx_word' id='word_1_28' title='bbox 212 521 481 561; x_wconf 89' lang='lat' dir='ltr'>moecenatis</span> <span class='ocrx_word' id='word_1_29' title='bbox 511 521 668 569; x_wconf 88' lang='lat' dir='ltr'>nostri,</span> <span class='ocrx_word' id='word_1_30' title='bbox 699 522 771 572; x_wconf 88' lang='lat' dir='ltr'>pie</span> <span class='ocrx_word' id='word_1_31' title='bbox 803 520 1040 560; x_wconf 79' lang='lat' dir='ltr'>memoriae</span> <span class='ocrx_word' id='word_1_32' title='bbox 1070 522 1098 568; x_wconf 79' lang='lat'>1,</span> <span class='ocrx_word' id='word_1_33' title='bbox 1131 519 1177 558; x_wconf 90' lang='lat' dir='ltr'>in</span> <span class='ocrx_word' id='word_1_34' title='bbox 1209 519 1472 559; x_wconf 71' lang='lat' dir='ltr'>Societatem</span> <span class='ocrx_word' id='word_1_35' title='bbox 1502 517 1679 557; x_wconf 88' lang='lat' dir='ltr'>vniuer-</span> 
     </span>
     <span class='ocr_line' id='line_1_5' title="bbox 49 582 1678 637; baseline -0.003 -11"><span class='ocrx_word' id='word_1_36' title='bbox 49 598 145 627; x_wconf 88' lang='lat' dir='ltr'>sam</span> <span class='ocrx_word' id='word_1_37' title='bbox 188 586 420 634; x_wconf 79' lang='lat' dir='ltr'>voluntas3</span> <span class='ocrx_word' id='word_1_38' title='bbox 466 598 599 637; x_wconf 87' lang='lat' dir='ltr'>quam</span> <span class='ocrx_word' id='word_1_39' title='bbox 634 598 681 626; x_wconf 90' lang='lat' dir='ltr'>se</span> <span class='ocrx_word' id='word_1_40' title='bbox 719 586 976 626; x_wconf 91' lang='lat' dir='ltr'>deuinctum</span> <span class='ocrx_word' id='word_1_41' title='bbox 1020 585 1086 624; x_wconf 89' lang='lat' dir='ltr'>illi</span> <span class='ocrx_word' id='word_1_42' title='bbox 1126 584 1441 635; x_wconf 89' lang='lat' dir='ltr'>addictumque</span> <span class='ocrx_word' id='word_1_43' title='bbox 1485 582 1678 622; x_wconf 90' lang='lat' dir='ltr'>moriens</span> 
     </span>
     <span class='ocr_line' id='line_1_6' title="bbox 49 648 1680 703; baseline -0.002 -12"><span class='ocrx_word' id='word_1_44' title='bbox 49 651 336 703; x_wconf 74' lang='lat' dir='ltr'>significarit,</span> <span class='ocrx_word' id='word_1_45' title='bbox 369 651 446 702; x_wconf 91' lang='lat' dir='ltr'>qui</span> <span class='ocrx_word' id='word_1_46' title='bbox 477 663 524 690; x_wconf 91' lang='lat' dir='ltr'>se</span> <span class='ocrx_word' id='word_1_47' title='bbox 553 663 723 703; x_wconf 84' lang='lat' dir='ltr'>suaque</span> <span class='ocrx_word' id='word_1_48' title='bbox 757 651 907 691; x_wconf 90' lang='lat' dir='ltr'>omnia</span> <span class='ocrx_word' id='word_1_49' title='bbox 937 650 983 689; x_wconf 86' lang='lat' dir='ltr'>in</span> <span class='ocrx_word' id='word_1_50' title='bbox 1014 650 1091 689; x_wconf 90' lang='lat' dir='ltr'>illa</span> <span class='ocrx_word' id='word_1_51' title='bbox 1131 650 1310 701; x_wconf 84' lang='lat' dir='ltr'>quidem</span> <span class='ocrx_word' id='word_1_52' title='bbox 1349 650 1465 688; x_wconf 90' lang='lat' dir='ltr'>certe</span> <span class='ocrx_word' id='word_1_53' title='bbox 1502 648 1680 687; x_wconf 85' lang='lat' dir='ltr'>videtur</span> 
     </span>
     <span class='ocr_line' id='line_1_7' title="bbox 49 714 1677 768; baseline -0.003 -12"><span class='ocrx_word' id='word_1_54' title='bbox 49 716 278 767; x_wconf 88' lang='lat' dir='ltr'>posuisse;</span> <span class='ocrx_word' id='word_1_55' title='bbox 310 715 429 767; x_wconf 86' lang='lat' dir='ltr'>quod</span> <span class='ocrx_word' id='word_1_56' title='bbox 459 716 581 755; x_wconf 83' lang='lat' dir='ltr'>exitu</span> <span class='ocrx_word' id='word_1_57' title='bbox 612 717 770 768; x_wconf 80' lang='lat' dir='ltr'>magis,</span> <span class='ocrx_word' id='word_1_58' title='bbox 811 727 945 767; x_wconf 87' lang='lat' dir='ltr'>quam</span> <span class='ocrx_word' id='word_1_59' title='bbox 991 714 1225 765; x_wconf 75' lang='lat' dir='ltr'>principio,</span> <span class='ocrx_word' id='word_1_60' title='bbox 1270 714 1432 764; x_wconf 88' lang='lat' dir='ltr'>cuique</span> <span class='ocrx_word' id='word_1_61' title='bbox 1476 714 1677 752; x_wconf 85' lang='lat' dir='ltr'>nostrum</span> 
     </span>
     <span class='ocr_line' id='line_1_8' title="bbox 48 778 1680 832; baseline -0.003 -11"><span class='ocrx_word' id='word_1_62' title='bbox 48 783 318 832; x_wconf 87' lang='lat' dir='ltr'>compertum</span> <span class='ocrx_word' id='word_1_63' title='bbox 351 781 718 832; x_wconf 82' lang='lat' dir='ltr'>exploratumque</span> <span class='ocrx_word' id='word_1_64' title='bbox 752 781 861 821; x_wconf 90' lang='lat' dir='ltr'>satis</span> <span class='ocrx_word' id='word_1_65' title='bbox 900 792 996 819; x_wconf 86' lang='lat' dir='ltr'>esse</span> <span class='ocrx_word' id='word_1_66' title='bbox 1035 780 1193 830; x_wconf 86' lang='lat' dir='ltr'>potuit.</span> <span class='ocrx_word' id='word_1_67' title='bbox 1236 780 1350 819; x_wconf 92' lang='lat' dir='ltr'>Dum</span> <span class='ocrx_word' id='word_1_68' title='bbox 1390 778 1509 817; x_wconf 92' lang='lat' dir='ltr'>enim</span> <span class='ocrx_word' id='word_1_69' title='bbox 1547 779 1680 817; x_wconf 88' lang='lat' dir='ltr'>testa-</span> 
     </span>
     <span class='ocr_line' id='line_1_9' title="bbox 50 843 1679 897; baseline -0.002 -11"><span class='ocrx_word' id='word_1_70' title='bbox 50 847 246 886; x_wconf 88' lang='lat' dir='ltr'>mentum</span> <span class='ocrx_word' id='word_1_71' title='bbox 289 848 571 897; x_wconf 71' lang='lat' dir='ltr'>componeret</span> <span class='ocrx_word' id='word_1_72' title='bbox 615 859 762 893; x_wconf 89' lang='lat' dir='ltr'>suum,</span> <span class='ocrx_word' id='word_1_73' title='bbox 810 846 1042 884; x_wconf 87' lang='lat' dir='ltr'>videbatur</span> <span class='ocrx_word' id='word_1_74' title='bbox 1085 857 1166 884; x_wconf 91' lang='lat' dir='ltr'>nos</span> <span class='ocrx_word' id='word_1_75' title='bbox 1209 845 1330 884; x_wconf 92' lang='lat' dir='ltr'>solos</span> <span class='ocrx_word' id='word_1_76' title='bbox 1373 856 1426 883; x_wconf 78' lang='lat' dir='ltr'>ex</span> <span class='ocrx_word' id='word_1_77' title='bbox 1468 843 1679 882; x_wconf 88' lang='lat' dir='ltr'>omnibus</span> 
     </span>
     <span class='ocr_line' id='line_1_10' title="bbox 48 908 1676 962; baseline -0.002 -11"><span class='ocrx_word' id='word_1_78' title='bbox 48 911 177 962; x_wconf 83' lang='lat' dir='ltr'>quasi</span> <span class='ocrx_word' id='word_1_79' title='bbox 200 911 410 951; x_wconf 90' lang='lat' dir='ltr'>haeredes</span> <span class='ocrx_word' id='word_1_80' title='bbox 430 911 622 951; x_wconf 86' lang='lat' dir='ltr'>scribere</span> <span class='ocrx_word' id='word_1_81' title='bbox 643 912 769 957; x_wconf 75' lang='lat' dir='ltr'>velle,</span> <span class='ocrx_word' id='word_1_82' title='bbox 800 911 1068 950; x_wconf 82' lang='lat' dir='ltr'>mentionem</span> <span class='ocrx_word' id='word_1_83' title='bbox 1101 910 1241 949; x_wconf 82' lang='lat' dir='ltr'>nostri</span> <span class='ocrx_word' id='word_1_84' title='bbox 1271 911 1424 949; x_wconf 82' lang='lat' dir='ltr'>erebro</span> <span class='ocrx_word' id='word_1_85' title='bbox 1454 908 1676 948; x_wconf 90' lang='lat' dir='ltr'>iniiciens.</span> 
     </span>
     <span class='ocr_line' id='line_1_11' title="bbox 53 973 1681 1019; baseline -0.002 -3"><span class='ocrx_word' id='word_1_86' title='bbox 53 976 218 1016; x_wconf 88' lang='lat' dir='ltr'>Deinde</span> <span class='ocrx_word' id='word_1_87' title='bbox 246 988 346 1016; x_wconf 90' lang='lat' dir='ltr'>cum</span> <span class='ocrx_word' id='word_1_88' title='bbox 368 988 415 1016; x_wconf 91' lang='lat' dir='ltr'>se</span> <span class='ocrx_word' id='word_1_89' title='bbox 435 989 460 1015; x_wconf 91' lang='lat' dir='ltr'>a</span> <span class='ocrx_word' id='word_1_90' title='bbox 486 977 617 1016; x_wconf 89' lang='lat' dir='ltr'>nobis</span> <span class='ocrx_word' id='word_1_91' title='bbox 647 977 701 1016; x_wconf 91' lang='lat' dir='ltr'>ad</span> <span class='ocrx_word' id='word_1_92' title='bbox 732 977 845 1016; x_wconf 88' lang='lat' dir='ltr'>alios</span> <span class='ocrx_word' id='word_1_93' title='bbox 876 978 1021 1016; x_wconf 91' lang='lat' dir='ltr'>mente</span> <span class='ocrx_word' id='word_1_94' title='bbox 1051 976 1359 1019; x_wconf 80' lang='lat' dir='ltr'>conuertisset,</span> <span class='ocrx_word' id='word_1_95' title='bbox 1392 987 1474 1014; x_wconf 91' lang='lat' dir='ltr'>nos</span> <span class='ocrx_word' id='word_1_96' title='bbox 1504 986 1557 1014; x_wconf 84' lang='lat' dir='ltr'>ex</span> <span class='ocrx_word' id='word_1_97' title='bbox 1586 973 1681 1013; x_wconf 90' lang='lat' dir='ltr'>ani-</span> 
     </span>
     <span class='ocr_line' id='line_1_12' title="bbox 50 1041 1681 1092; baseline -0.001 -12"><span class='ocrx_word' id='word_1_98' title='bbox 50 1053 120 1081; x_wconf 91' lang='lat' dir='ltr'>mo</span> <span class='ocrx_word' id='word_1_99' title='bbox 159 1053 388 1092; x_wconf 90' lang='lat' dir='ltr'>nunquam</span> <span class='ocrx_word' id='word_1_100' title='bbox 429 1042 671 1092; x_wconf 80' lang='lat' dir='ltr'>deponens,</span> <span class='ocrx_word' id='word_1_101' title='bbox 718 1042 956 1081; x_wconf 82' lang='lat' dir='ltr'>identidem</span> <span class='ocrx_word' id='word_1_102' title='bbox 989 1041 1034 1080; x_wconf 90' lang='lat' dir='ltr'>in</span> <span class='ocrx_word' id='word_1_103' title='bbox 1066 1041 1208 1080; x_wconf 79' lang='lat' dir='ltr'>nostri</span> <span class='ocrx_word' id='word_1_104' title='bbox 1252 1041 1475 1080; x_wconf 88' lang='lat' dir='ltr'>recidebat</span> <span class='ocrx_word' id='word_1_105' title='bbox 1518 1051 1681 1078; x_wconf 92' lang='lat' dir='ltr'>memo-</span> 
     </span>
     <span class='ocr_line' id='line_1_13' title="bbox 49 1104 1681 1157; baseline -0.002 -11"><span class='ocrx_word' id='word_1_106' title='bbox 49 1106 183 1154; x_wconf 86' lang='lat' dir='ltr'>riam;</span> <span class='ocrx_word' id='word_1_107' title='bbox 216 1108 259 1146; x_wconf 90' lang='lat' dir='ltr'>et</span> <span class='ocrx_word' id='word_1_108' title='bbox 288 1107 417 1157; x_wconf 80' lang='lat' dir='ltr'>quasi</span> <span class='ocrx_word' id='word_1_109' title='bbox 447 1107 543 1147; x_wconf 90' lang='lat' dir='ltr'>eius</span> <span class='ocrx_word' id='word_1_110' title='bbox 574 1107 860 1147; x_wconf 85' lang='lat' dir='ltr'>referbuisset</span> <span class='ocrx_word' id='word_1_111' title='bbox 894 1107 940 1146; x_wconf 90' lang='lat' dir='ltr'>in</span> <span class='ocrx_word' id='word_1_112' title='bbox 977 1119 1057 1146; x_wconf 90' lang='lat' dir='ltr'>nos</span> <span class='ocrx_word' id='word_1_113' title='bbox 1091 1106 1286 1155; x_wconf 89' lang='lat' dir='ltr'>animus,</span> <span class='ocrx_word' id='word_1_114' title='bbox 1319 1106 1471 1145; x_wconf 88' lang='lat' dir='ltr'>eodem</span> <span class='ocrx_word' id='word_1_115' title='bbox 1503 1104 1681 1156; x_wconf 88' lang='lat' dir='ltr'>potissi-</span> 
     </span>
     <span class='ocr_line' id='line_1_14' title="bbox 53 1170 1677 1217; baseline -0.001 -6"><span class='ocrx_word' id='word_1_116' title='bbox 53 1184 169 1212; x_wconf 94' lang='lat' dir='ltr'>mum</span> <span class='ocrx_word' id='word_1_117' title='bbox 203 1172 488 1212; x_wconf 88' lang='lat' dir='ltr'>relababatur</span> <span class='ocrx_word' id='word_1_118' title='bbox 517 1173 673 1213; x_wconf 83' lang='lat' dir='ltr'>oratio.</span> <span class='ocrx_word' id='word_1_119' title='bbox 711 1173 817 1212; x_wconf 89' lang='lat' dir='ltr'>Eius</span> <span class='ocrx_word' id='word_1_120' title='bbox 852 1172 1129 1212; x_wconf 78' lang='lat' dir='ltr'>incredibilis</span> <span class='ocrx_word' id='word_1_121' title='bbox 1164 1172 1209 1211; x_wconf 89' lang='lat' dir='ltr'>in</span> <span class='ocrx_word' id='word_1_122' title='bbox 1240 1184 1322 1211; x_wconf 91' lang='grc'>005</span> <span class='ocrx_word' id='word_1_123' title='bbox 1353 1170 1677 1217; x_wconf 79' lang='lat' dir='ltr'>benevolentia,</span> 
     </span>
     <span class='ocr_line' id='line_1_15' title="bbox 47 1236 1678 1288; baseline -0.002 -11"><span class='ocrx_word' id='word_1_124' title='bbox 47 1239 91 1277; x_wconf 91' lang='lat' dir='ltr'>et</span> <span class='ocrx_word' id='word_1_125' title='bbox 118 1237 369 1277; x_wconf 78' lang='lat' dir='ltr'>authoritas</span> <span class='ocrx_word' id='word_1_126' title='bbox 403 1238 450 1277; x_wconf 89' lang='lat' dir='ltr'>in</span> <span class='ocrx_word' id='word_1_127' title='bbox 485 1250 654 1286; x_wconf 87' lang='lat' dir='ltr'>omnes,</span> <span class='ocrx_word' id='word_1_128' title='bbox 700 1238 802 1278; x_wconf 88' lang='lat' dir='ltr'>fecit</span> <span class='ocrx_word' id='word_1_129' title='bbox 844 1240 891 1277; x_wconf 85' lang='lat' dir='ltr'>vt</span> <span class='ocrx_word' id='word_1_130' title='bbox 934 1238 1038 1277; x_wconf 92' lang='lat' dir='ltr'>dum</span> <span class='ocrx_word' id='word_1_131' title='bbox 1085 1238 1269 1281; x_wconf 75' lang='lat' dir='ltr'>viueret,</span> <span class='ocrx_word' id='word_1_132' title='bbox 1315 1249 1445 1288; x_wconf 84' lang='lat' dir='ltr'>quam</span> <span class='ocrx_word' id='word_1_133' title='bbox 1493 1236 1678 1275; x_wconf 80' lang='lat' dir='ltr'>honeste</span> 
     </span>
     <span class='ocr_line' id='line_1_16' title="bbox 48 1301 1680 1354; baseline -0.001 -12"><span class='ocrx_word' id='word_1_134' title='bbox 48 1302 167 1353; x_wconf 89' lang='lat' dir='ltr'>apud</span> <span class='ocrx_word' id='word_1_135' title='bbox 195 1315 350 1342; x_wconf 93' lang='lat' dir='ltr'>omnes</span> <span class='ocrx_word' id='word_1_136' title='bbox 380 1304 651 1347; x_wconf 78' lang='lat' dir='ltr'>audiremus,</span> <span class='ocrx_word' id='word_1_137' title='bbox 684 1304 731 1343; x_wconf 90' lang='lat' dir='ltr'>in</span> <span class='ocrx_word' id='word_1_138' title='bbox 761 1304 929 1343; x_wconf 85' lang='lat' dir='ltr'>honore</span> <span class='ocrx_word' id='word_1_139' title='bbox 958 1315 1008 1342; x_wconf 92' lang='lat' dir='ltr'>ac</span> <span class='ocrx_word' id='word_1_140' title='bbox 1037 1303 1207 1354; x_wconf 88' lang='lat' dir='ltr'>praetio</span> <span class='ocrx_word' id='word_1_141' title='bbox 1246 1303 1526 1347; x_wconf 87' lang='lat' dir='ltr'>haberemur,</span> <span class='ocrx_word' id='word_1_142' title='bbox 1567 1301 1680 1341; x_wconf 90' lang='lat' dir='ltr'>cole·</span> 
     </span>
     <span class='ocr_line' id='line_1_17' title="bbox 49 1366 1678 1409; baseline -0.002 -1"><span class='ocrx_word' id='word_1_143' title='bbox 49 1379 196 1408; x_wconf 89' lang='lat' dir='ltr'>remur</span> <span class='ocrx_word' id='word_1_144' title='bbox 223 1368 345 1408; x_wconf 90' lang='lat' dir='ltr'>omni</span> <span class='ocrx_word' id='word_1_145' title='bbox 376 1369 663 1409; x_wconf 83' lang='lat' dir='ltr'>obseruantia</span> <span class='ocrx_word' id='word_1_146' title='bbox 692 1381 718 1408; x_wconf 92' lang='lat' dir='ltr'>a</span> <span class='ocrx_word' id='word_1_147' title='bbox 746 1369 923 1408; x_wconf 84' lang='lat' dir='ltr'>ciuibus</span> <span class='ocrx_word' id='word_1_148' title='bbox 954 1369 1134 1408; x_wconf 88' lang='lat' dir='ltr'>nostris.</span> <span class='ocrx_word' id='word_1_149' title='bbox 1169 1367 1444 1408; x_wconf 85' lang='lat' dir='ltr'>Admiranda</span> <span class='ocrx_word' id='word_1_150' title='bbox 1479 1366 1678 1407; x_wconf 90' lang='lat' dir='ltr'>eiusdem</span> 
     </span>
     <span class='ocr_line' id='line_1_18' title="bbox 48 1432 1677 1482; baseline -0.001 -10"><span class='ocrx_word' id='word_1_151' title='bbox 48 1433 309 1475; x_wconf 81' lang='lat' dir='ltr'>liberalitas.</span> <span class='ocrx_word' id='word_1_152' title='bbox 341 1446 392 1473; x_wconf 90' lang='lat' dir='ltr'>eo</span> <span class='ocrx_word' id='word_1_153' title='bbox 421 1435 631 1482; x_wconf 83' lang='lat' dir='ltr'>extincto,</span> <span class='ocrx_word' id='word_1_154' title='bbox 664 1435 921 1479; x_wconf 81' lang='lat' dir='ltr'>multorum,</span> <span class='ocrx_word' id='word_1_155' title='bbox 954 1434 1086 1474; x_wconf 90' lang='lat' dir='ltr'>etiam</span> <span class='ocrx_word' id='word_1_156' title='bbox 1117 1434 1461 1473; x_wconf 73' lang='lat' dir='ltr'>domesticorum</span> <span class='ocrx_word' id='word_1_157' title='bbox 1493 1432 1677 1479; x_wconf 90' lang='lat' dir='ltr'>ciuium,</span> 
     </span>
     <span class='ocr_line' id='line_1_19' title="bbox 48 1498 1676 1550; baseline -0.001 -12"><span class='ocrx_word' id='word_1_158' title='bbox 48 1498 315 1547; x_wconf 86' lang='lat' dir='ltr'>simultates,</span> <span class='ocrx_word' id='word_1_159' title='bbox 348 1500 624 1550; x_wconf 83' lang='lat' dir='ltr'>inimicitias,</span> <span class='ocrx_word' id='word_1_160' title='bbox 656 1500 999 1540; x_wconf 78' lang='lat' dir='ltr'>obtrectationes</span> <span class='ocrx_word' id='word_1_161' title='bbox 1030 1503 1069 1539; x_wconf 88' lang='lat' dir='ltr'>et</span> <span class='ocrx_word' id='word_1_162' title='bbox 1101 1500 1203 1539; x_wconf 90' lang='lat' dir='ltr'>odia</span> <span class='ocrx_word' id='word_1_163' title='bbox 1234 1500 1280 1539; x_wconf 90' lang='lat' dir='ltr'>in</span> <span class='ocrx_word' id='word_1_164' title='bbox 1310 1512 1392 1539; x_wconf 91' lang='lat' dir='ltr'>nos</span> <span class='ocrx_word' id='word_1_165' title='bbox 1418 1498 1676 1539; x_wconf 87' lang='lat' dir='ltr'>concitauit.</span> 
     </span>
     <span class='ocr_line' id='line_1_20' title="bbox 48 1564 1679 1616; baseline -0.001 -12"><span class='ocrx_word' id='word_1_166' title='bbox 48 1564 221 1604; x_wconf 88' lang='lat' dir='ltr'>Nostris</span> <span class='ocrx_word' id='word_1_167' title='bbox 251 1565 402 1616; x_wconf 86' lang='lat' dir='ltr'>itaque</span> <span class='ocrx_word' id='word_1_168' title='bbox 427 1565 477 1607; x_wconf 73' lang='lat' dir='ltr'>,in</span> <span class='ocrx_word' id='word_1_169' title='bbox 509 1567 641 1606; x_wconf 90' lang='lat' dir='ltr'>rebus</span> <span class='ocrx_word' id='word_1_170' title='bbox 672 1566 717 1605; x_wconf 91' lang='lat' dir='ltr'>in</span> <span class='ocrx_word' id='word_1_171' title='bbox 747 1568 915 1605; x_wconf 86' lang='lat' dir='ltr'>tantam</span> <span class='ocrx_word' id='word_1_172' title='bbox 939 1566 1158 1605; x_wconf 88' lang='lat' dir='ltr'>inuidiam</span> <span class='ocrx_word' id='word_1_173' title='bbox 1184 1565 1404 1612; x_wconf 88' lang='lat' dir='ltr'>adductis,</span> <span class='ocrx_word' id='word_1_174' title='bbox 1436 1565 1543 1604; x_wconf 93' lang='lat' dir='ltr'>dum</span> <span class='ocrx_word' id='word_1_175' title='bbox 1573 1564 1634 1603; x_wconf 91' lang='lat' dir='ltr'>ita</span> <span class='ocrx_word' id='word_1_176' title='bbox 1661 1571 1679 1589; x_wconf 60' lang='grc' dir='ltr'>ἃ</span> 
     </span>
     <span class='ocr_line' id='line_1_21' title="bbox 47 1629 1681 1682; baseline 0 -13"><span class='ocrx_word' id='word_1_177' title='bbox 47 1641 340 1677; x_wconf 75' lang='lat' dir='ltr'>versaremur,</span> <span class='ocrx_word' id='word_1_178' title='bbox 372 1631 611 1671; x_wconf 79' lang='lat' dir='ltr'>didicimus</span> <span class='ocrx_word' id='word_1_179' title='bbox 636 1631 682 1670; x_wconf 91' lang='lat' dir='ltr'>id</span> <span class='ocrx_word' id='word_1_180' title='bbox 710 1632 826 1682; x_wconf 89' lang='lat' dir='ltr'>quod</span> <span class='ocrx_word' id='word_1_181' title='bbox 861 1631 1071 1671; x_wconf 89' lang='lat' dir='ltr'>nouimus</span> <span class='ocrx_word' id='word_1_182' title='bbox 1100 1632 1156 1670; x_wconf 91' lang='lat' dir='ltr'>ab</span> <span class='ocrx_word' id='word_1_183' title='bbox 1186 1631 1315 1670; x_wconf 87' lang='lat' dir='ltr'>initio</span> <span class='ocrx_word' id='word_1_184' title='bbox 1346 1630 1551 1671; x_wconf 85' lang='lat' dir='ltr'>Societati</span> <span class='ocrx_word' id='word_1_185' title='bbox 1585 1629 1681 1669; x_wconf 85' lang='lat' dir='ltr'>vni-</span> 
     </span>
     <span class='ocr_line' id='line_1_22' title="bbox 49 1696 1678 1746; baseline 0 -11"><span class='ocrx_word' id='word_1_186' title='bbox 49 1707 174 1736; x_wconf 88' lang='lat' dir='ltr'>uerse</span> <span class='ocrx_word' id='word_1_187' title='bbox 203 1696 457 1741; x_wconf 79' lang='lat' dir='ltr'>vsuuenire,</span> <span class='ocrx_word' id='word_1_188' title='bbox 491 1697 616 1737; x_wconf 89' lang='lat' dir='ltr'>nullo</span> <span class='ocrx_word' id='word_1_189' title='bbox 646 1697 849 1737; x_wconf 83' lang='lat' dir='ltr'>videlicet</span> <span class='ocrx_word' id='word_1_190' title='bbox 871 1709 967 1736; x_wconf 93' lang='lat' dir='ltr'>eam</span> <span class='ocrx_word' id='word_1_191' title='bbox 990 1697 1086 1737; x_wconf 91' lang='lat' dir='ltr'>loco</span> <span class='ocrx_word' id='word_1_192' title='bbox 1107 1699 1385 1737; x_wconf 88' lang='lat' dir='ltr'>constantem</span> <span class='ocrx_word' id='word_1_193' title='bbox 1416 1696 1678 1746; x_wconf 86' lang='lat' dir='ltr'>firmamque</span> 
     </span>
     <span class='ocr_line' id='line_1_23' title="bbox 47 1762 1681 1813; baseline 0 -13"><span class='ocrx_word' id='word_1_194' title='bbox 47 1772 144 1801; x_wconf 88' lang='lat' dir='ltr'>esse</span> <span class='ocrx_word' id='word_1_195' title='bbox 173 1773 318 1812; x_wconf 87' lang='lat' dir='ltr'>posse,</span> <span class='ocrx_word' id='word_1_196' title='bbox 352 1762 439 1801; x_wconf 89' lang='lat' dir='ltr'>nisi</span> <span class='ocrx_word' id='word_1_197' title='bbox 470 1774 548 1802; x_wconf 92' lang='lat' dir='ltr'>sua</span> <span class='ocrx_word' id='word_1_198' title='bbox 582 1763 627 1802; x_wconf 90' lang='lat' dir='ltr'>in</span> <span class='ocrx_word' id='word_1_199' title='bbox 657 1774 784 1802; x_wconf 88' lang='lat' dir='ltr'>cruce</span> <span class='ocrx_word' id='word_1_200' title='bbox 815 1763 1121 1810; x_wconf 86' lang='lat' dir='ltr'>fundamenta,</span> <span class='ocrx_word' id='word_1_201' title='bbox 1162 1763 1353 1802; x_wconf 87' lang='lat' dir='ltr'>salutem</span> <span class='ocrx_word' id='word_1_202' title='bbox 1391 1764 1523 1813; x_wconf 89' lang='lat' dir='ltr'>atque</span> <span class='ocrx_word' id='word_1_203' title='bbox 1558 1773 1681 1812; x_wconf 87' lang='lat' dir='ltr'>prae-</span> 
     </span>
     <span class='ocr_line' id='line_1_24' title="bbox 48 1825 1679 1879; baseline 0.001 -14"><span class='ocrx_word' id='word_1_204' title='bbox 48 1825 163 1865; x_wconf 87' lang='lat' dir='ltr'>sidia</span> <span class='ocrx_word' id='word_1_205' title='bbox 193 1827 443 1867; x_wconf 77' lang='lat' dir='ltr'>collocaret.</span> <span class='ocrx_word' id='word_1_206' title='bbox 477 1828 688 1867; x_wconf 89' lang='lat' dir='ltr'>Videbam</span> <span class='ocrx_word' id='word_1_207' title='bbox 722 1828 871 1867; x_wconf 90' lang='lat' dir='ltr'>mirari</span> <span class='ocrx_word' id='word_1_208' title='bbox 904 1830 1080 1868; x_wconf 88' lang='lat' dir='ltr'>nostros</span> <span class='ocrx_word' id='word_1_209' title='bbox 1116 1828 1224 1879; x_wconf 88' lang='lat' dir='ltr'>quid</span> <span class='ocrx_word' id='word_1_210' title='bbox 1254 1830 1371 1868; x_wconf 63' lang='lat' dir='ltr'>esset&gt;</span> <span class='ocrx_word' id='word_1_211' title='bbox 1400 1827 1518 1878; x_wconf 88' lang='lat' dir='ltr'>quod</span> <span class='ocrx_word' id='word_1_212' title='bbox 1550 1826 1679 1866; x_wconf 90' lang='lat' dir='ltr'>initio</span> 
     </span>
     <span class='ocr_line' id='line_1_25' title="bbox 48 1891 1681 1943; baseline 0.001 -13"><span class='ocrx_word' id='word_1_213' title='bbox 48 1891 119 1930; x_wconf 91' lang='lat' dir='ltr'>sui</span> <span class='ocrx_word' id='word_1_214' title='bbox 149 1891 195 1930; x_wconf 92' lang='lat' dir='ltr'>in</span> <span class='ocrx_word' id='word_1_215' title='bbox 227 1891 491 1931; x_wconf 88' lang='lat' dir='ltr'>Aruerniam</span> <span class='ocrx_word' id='word_1_216' title='bbox 536 1892 756 1932; x_wconf 87' lang='lat' dir='ltr'>aduentus</span> <span class='ocrx_word' id='word_1_217' title='bbox 796 1893 851 1931; x_wconf 87' lang='lat' dir='ltr'>ab</span> <span class='ocrx_word' id='word_1_218' title='bbox 899 1893 1110 1933; x_wconf 81' lang='lat' dir='ltr'>omnibus</span> <span class='ocrx_word' id='word_1_219' title='bbox 1154 1905 1328 1932; x_wconf 90' lang='lat' dir='ltr'>summa</span> <span class='ocrx_word' id='word_1_220' title='bbox 1371 1892 1681 1943; x_wconf 82' lang='lat' dir='ltr'>exciperentur</span> 
     </span>
     <span class='ocr_line' id='line_1_26' title="bbox 47 1956 1682 2007; baseline 0 -11"><span class='ocrx_word' id='word_1_221' title='bbox 47 1956 268 2003; x_wconf 81' lang='lat' dir='ltr'>comitate,</span> <span class='ocrx_word' id='word_1_222' title='bbox 292 1957 620 2001; x_wconf 80' lang='lat' dir='ltr'>beneuolentia,</span> <span class='ocrx_word' id='word_1_223' title='bbox 643 1958 865 1998; x_wconf 88' lang='lat' dir='ltr'>amicitiae</span> <span class='ocrx_word' id='word_1_224' title='bbox 890 1958 1020 1998; x_wconf 88' lang='lat' dir='ltr'>etiam</span> <span class='ocrx_word' id='word_1_225' title='bbox 1054 1958 1428 2007; x_wconf 88' lang='lat' dir='ltr'>salutationibus;</span> <span class='ocrx_word' id='word_1_226' title='bbox 1460 1969 1682 1997; x_wconf 91' lang='lat' dir='ltr'>commen-</span> 
     </span>
     <span class='ocr_line' id='line_1_27' title="bbox 48 2021 1679 2075; baseline 0.001 -15"><span class='ocrx_word' id='word_1_227' title='bbox 48 2021 227 2061; x_wconf 88' lang='lat' dir='ltr'>daretur</span> <span class='ocrx_word' id='word_1_228' title='bbox 256 2034 409 2062; x_wconf 90' lang='lat' dir='ltr'>eorum</span> <span class='ocrx_word' id='word_1_229' title='bbox 441 2022 677 2068; x_wconf 86' lang='lat' dir='ltr'>industria,</span> <span class='ocrx_word' id='word_1_230' title='bbox 710 2024 916 2073; x_wconf 78' lang='lat' dir='ltr'>eruditio,</span> <span class='ocrx_word' id='word_1_231' title='bbox 950 2024 1089 2071; x_wconf 90' lang='lat' dir='ltr'>labor,</span> <span class='ocrx_word' id='word_1_232' title='bbox 1128 2024 1284 2075; x_wconf 87' lang='lat' dir='ltr'>pietas.</span> <span class='ocrx_word' id='word_1_233' title='bbox 1317 2023 1500 2063; x_wconf 86' lang='lat' dir='ltr'>Mutatis</span> <span class='ocrx_word' id='word_1_234' title='bbox 1530 2025 1679 2063; x_wconf 89' lang='lat' dir='ltr'>autem</span> 
     </span>
     <span class='ocr_line' id='line_1_28' title="bbox 48 2087 1679 2138; baseline 0.001 -12"><span class='ocrx_word' id='word_1_235' title='bbox 48 2087 110 2126; x_wconf 89' lang='lat' dir='ltr'>ita</span> <span class='ocrx_word' id='word_1_236' title='bbox 135 2087 339 2127; x_wconf 88' lang='lat' dir='ltr'>fortunae</span> <span class='ocrx_word' id='word_1_237' title='bbox 362 2088 486 2135; x_wconf 89' lang='lat' dir='ltr'>velis,</span> <span class='ocrx_word' id='word_1_238' title='bbox 520 2089 673 2128; x_wconf 83' lang='lat' dir='ltr'>tierent</span> <span class='ocrx_word' id='word_1_239' title='bbox 703 2089 853 2129; x_wconf 86' lang='lat' dir='ltr'>fabula</span> <span class='ocrx_word' id='word_1_240' title='bbox 883 2090 1108 2138; x_wconf 85' lang='lat' dir='ltr'>omnibus,</span> <span class='ocrx_word' id='word_1_241' title='bbox 1141 2090 1445 2133; x_wconf 82' lang='lat' dir='ltr'>irriderentur,</span> <span class='ocrx_word' id='word_1_242' title='bbox 1477 2089 1679 2128; x_wconf 89' lang='lat' dir='ltr'>omnium</span> 
     </span>
     <span class='ocr_line' id='line_1_29' title="bbox 49 2152 1679 2204; baseline 0.002 -13"><span class='ocrx_word' id='word_1_243' title='bbox 49 2152 259 2203; x_wconf 85' lang='lat' dir='ltr'>(exceptis</span> <span class='ocrx_word' id='word_1_244' title='bbox 280 2165 490 2204; x_wconf 86' lang='lat' dir='ltr'>perquam</span> <span class='ocrx_word' id='word_1_245' title='bbox 515 2154 684 2204; x_wconf 81' lang='lat' dir='ltr'>paucis)</span> <span class='ocrx_word' id='word_1_246' title='bbox 705 2155 908 2195; x_wconf 90' lang='lat' dir='ltr'>subirent</span> <span class='ocrx_word' id='word_1_247' title='bbox 936 2156 1186 2195; x_wconf 86' lang='lat' dir='ltr'>calumnias</span> <span class='ocrx_word' id='word_1_248' title='bbox 1215 2158 1257 2195; x_wconf 59' lang='lat' dir='ltr'>et,</span> <span class='ocrx_word' id='word_1_249' title='bbox 1287 2155 1531 2202; x_wconf 75' lang='lat' dir='ltr'>inuidiam3</span> <span class='ocrx_word' id='word_1_250' title='bbox 1564 2154 1679 2194; x_wconf 90' lang='lat' dir='ltr'>nihil</span> 
     </span>
     <span class='ocr_line' id='line_1_30' title="bbox 48 2217 1680 2272; baseline 0.002 -16"><span class='ocrx_word' id='word_1_251' title='bbox 48 2217 242 2268; x_wconf 90' lang='lat' dir='ltr'>amplius</span> <span class='ocrx_word' id='word_1_252' title='bbox 271 2218 393 2258; x_wconf 90' lang='lat' dir='ltr'>fieret</span> <span class='ocrx_word' id='word_1_253' title='bbox 422 2219 646 2265; x_wconf 56' lang='lat' dir='ltr'>doctrinan</span> <span class='ocrx_word' id='word_1_254' title='bbox 679 2220 772 2259; x_wconf 81' lang='lat' dir='ltr'>vita</span> <span class='ocrx_word' id='word_1_255' title='bbox 803 2233 1034 2271; x_wconf 86' lang='lat' dir='ltr'>moresque</span> <span class='ocrx_word' id='word_1_256' title='bbox 1071 2221 1444 2272; x_wconf 83' lang='lat' dir='ltr'>improbarentur,</span> <span class='ocrx_word' id='word_1_257' title='bbox 1481 2220 1680 2260; x_wconf 86' lang='lat' dir='ltr'>desertos</span> 
     </span>
     <span class='ocr_line' id='line_1_31' title="bbox 48 2282 1680 2337; baseline 0.002 -16"><span class='ocrx_word' id='word_1_258' title='bbox 48 2282 239 2334; x_wconf 89' lang='lat' dir='ltr'>denique</span> <span class='ocrx_word' id='word_1_259' title='bbox 268 2295 318 2322; x_wconf 90' lang='grc'>30</span> <span class='ocrx_word' id='word_1_260' title='bbox 347 2284 468 2323; x_wconf 92' lang='grc'><strong>50105</strong></span> <span class='ocrx_word' id='word_1_261' title='bbox 498 2284 545 2323; x_wconf 90' lang='grc'>10</span> <span class='ocrx_word' id='word_1_262' title='bbox 574 2296 702 2324; x_wconf 86' lang='lat' dir='ltr'>cruce</span> <span class='ocrx_word' id='word_1_263' title='bbox 736 2285 855 2325; x_wconf 84' lang='lat' dir='ltr'>Chri.</span> <span class='ocrx_word' id='word_1_264' title='bbox 898 2288 1155 2337; x_wconf 87' lang='lat' dir='ltr'>paterentur</span> <span class='ocrx_word' id='word_1_265' title='bbox 1198 2298 1367 2325; x_wconf 88' lang='lat' dir='ltr'>omnes.</span> <span class='ocrx_word' id='word_1_266' title='bbox 1415 2286 1573 2325; x_wconf 90' lang='lat' dir='ltr'>Postea</span> <span class='ocrx_word' id='word_1_267' title='bbox 1617 2297 1680 2324; x_wconf 92' lang='lat' dir='ltr'>re-</span> 
     </span>
     <span class='ocr_line' id='line_1_32' title="bbox 47 2347 1679 2402; baseline 0.002 -16"><span class='ocrx_word' id='word_1_268' title='bbox 47 2347 185 2387; x_wconf 90' lang='lat' dir='ltr'>diisse</span> <span class='ocrx_word' id='word_1_269' title='bbox 217 2349 425 2397; x_wconf 89' lang='lat' dir='ltr'>(nostros,</span> <span class='ocrx_word' id='word_1_270' title='bbox 459 2349 658 2401; x_wconf 88' lang='lat' dir='ltr'>inquam)</span> <span class='ocrx_word' id='word_1_271' title='bbox 690 2350 746 2389; x_wconf 88' lang='lat' dir='ltr'>ad</span> <span class='ocrx_word' id='word_1_272' title='bbox 774 2363 870 2391; x_wconf 88' lang='lat' dir='ltr'>sese</span> <span class='ocrx_word' id='word_1_273' title='bbox 906 2354 1038 2402; x_wconf 85' lang='lat' dir='ltr'>atque</span> <span class='ocrx_word' id='word_1_274' title='bbox 1073 2351 1295 2391; x_wconf 87' lang='lat' dir='ltr'>iudicasse</span> <span class='ocrx_word' id='word_1_275' title='bbox 1330 2352 1413 2391; x_wconf 89' lang='lat' dir='ltr'>hoc</span> <span class='ocrx_word' id='word_1_276' title='bbox 1442 2351 1503 2391; x_wconf 90' lang='lat' dir='ltr'>ita</span> <span class='ocrx_word' id='word_1_277' title='bbox 1534 2351 1679 2390; x_wconf 89' lang='lat' dir='ltr'>sinere</span> 
     </span>
     <span class='ocr_line' id='line_1_33' title="bbox 48 2411 1680 2467; baseline 0.002 -16"><span class='ocrx_word' id='word_1_278' title='bbox 48 2411 189 2452; x_wconf 92' lang='lat' dir='ltr'>Deum</span> <span class='ocrx_word' id='word_1_279' title='bbox 219 2411 237 2438; x_wconf 76' lang='lat' dir='ltr'>b</span> <span class='ocrx_word' id='word_1_280' title='bbox 268 2413 455 2464; x_wconf 87' lang='lat' dir='ltr'>deprimi</span> <span class='ocrx_word' id='word_1_281' title='bbox 501 2426 582 2453; x_wconf 90' lang='lat' dir='ltr'>nos</span> <span class='ocrx_word' id='word_1_282' title='bbox 616 2417 658 2454; x_wconf 90' lang='lat' dir='ltr'>et</span> <span class='ocrx_word' id='word_1_283' title='bbox 691 2416 820 2466; x_wconf 86' lang='lat' dir='ltr'>quasi</span> <span class='ocrx_word' id='word_1_284' title='bbox 863 2416 1115 2455; x_wconf 86' lang='lat' dir='ltr'>conculcari</span> <span class='ocrx_word' id='word_1_285' title='bbox 1159 2416 1215 2455; x_wconf 89' lang='lat' dir='ltr'>ad</span> <span class='ocrx_word' id='word_1_286' title='bbox 1257 2418 1449 2467; x_wconf 87' lang='lat' dir='ltr'>tempus,</span> <span class='ocrx_word' id='word_1_287' title='bbox 1494 2416 1571 2467; x_wconf 85' lang='lat' dir='ltr'>qui</span> <span class='ocrx_word' id='word_1_288' title='bbox 1615 2417 1680 2455; x_wconf 90' lang='lat' dir='ltr'>tot</span> 
     </span>
     <span class='ocr_line' id='line_1_34' title="bbox 48 2478 1681 2532; baseline 0.002 -15"><span class='ocrx_word' id='word_1_289' title='bbox 48 2479 151 2518; x_wconf 88' lang='lat' dir='ltr'>ante</span> <span class='ocrx_word' id='word_1_290' title='bbox 179 2478 406 2529; x_wconf 82' lang='lat' dir='ltr'>tantisque</span> <span class='ocrx_word' id='word_1_291' title='bbox 436 2480 539 2519; x_wconf 89' lang='lat' dir='ltr'>elati</span> <span class='ocrx_word' id='word_1_292' title='bbox 572 2480 782 2520; x_wconf 85' lang='lat' dir='ltr'>laudibus</span> <span class='ocrx_word' id='word_1_293' title='bbox 813 2481 1054 2529; x_wconf 87' lang='lat' dir='ltr'>fueramus,</span> <span class='ocrx_word' id='word_1_294' title='bbox 1089 2484 1134 2521; x_wconf 90' lang='lat' dir='ltr'>vt</span> <span class='ocrx_word' id='word_1_295' title='bbox 1163 2484 1205 2522; x_wconf 89' lang='lat' dir='ltr'>et</span> <span class='ocrx_word' id='word_1_296' title='bbox 1235 2484 1387 2521; x_wconf 86' lang='lat' dir='ltr'>nostra</span> <span class='ocrx_word' id='word_1_297' title='bbox 1419 2482 1681 2532; x_wconf 86' lang='lat' dir='ltr'>probaretur</span> 
     </span>
     <span class='ocr_line' id='line_1_35' title="bbox 49 2543 1679 2598; baseline 0.002 -16"><span class='ocrx_word' id='word_1_298' title='bbox 49 2543 281 2592; x_wconf 90' lang='lat' dir='ltr'>modestia,</span> <span class='ocrx_word' id='word_1_299' title='bbox 313 2547 355 2583; x_wconf 89' lang='lat' dir='ltr'>et</span> <span class='ocrx_word' id='word_1_300' title='bbox 384 2544 431 2583; x_wconf 90' lang='lat' dir='ltr'>in</span> <span class='ocrx_word' id='word_1_301' title='bbox 462 2545 552 2584; x_wconf 93' lang='lat' dir='ltr'>Deo</span> <span class='ocrx_word' id='word_1_302' title='bbox 581 2545 770 2585; x_wconf 83' lang='lat' dir='ltr'>defixam</span> <span class='ocrx_word' id='word_1_303' title='bbox 814 2547 964 2597; x_wconf 90' lang='lat' dir='ltr'>potius</span> <span class='ocrx_word' id='word_1_304' title='bbox 1009 2559 1142 2597; x_wconf 87' lang='lat' dir='ltr'>quam</span> <span class='ocrx_word' id='word_1_305' title='bbox 1174 2547 1220 2586; x_wconf 88' lang='lat' dir='ltr'>in</span> <span class='ocrx_word' id='word_1_306' title='bbox 1252 2547 1513 2587; x_wconf 89' lang='lat' dir='ltr'>hominibus</span> <span class='ocrx_word' id='word_1_307' title='bbox 1556 2558 1679 2598; x_wconf 91' lang='lat' dir='ltr'>spem</span> 
     </span>
     <span class='ocr_line' id='line_1_36' title="bbox 48 2610 1681 2664; baseline 0.003 -17"><span class='ocrx_word' id='word_1_308' title='bbox 48 2619 98 2648; x_wconf 90' lang='lat' dir='ltr'>ac</span> <span class='ocrx_word' id='word_1_309' title='bbox 128 2611 318 2649; x_wconf 91' lang='lat' dir='ltr'>mentem</span> <span class='ocrx_word' id='word_1_310' title='bbox 349 2610 630 2650; x_wconf 87' lang='lat' dir='ltr'>haberemus.</span> <span class='ocrx_word' id='word_1_311' title='bbox 680 2611 792 2651; x_wconf 91' lang='lat' dir='ltr'>lstas</span> <span class='ocrx_word' id='word_1_312' title='bbox 835 2624 939 2651; x_wconf 85' lang='lat' dir='ltr'>vero</span> <span class='ocrx_word' id='word_1_313' title='bbox 971 2614 1035 2652; x_wconf 85' lang='lat' dir='ltr'>tot</span> <span class='ocrx_word' id='word_1_314' title='bbox 1063 2615 1104 2652; x_wconf 85' lang='lat' dir='ltr'>et</span> <span class='ocrx_word' id='word_1_315' title='bbox 1135 2615 1283 2652; x_wconf 87' lang='lat' dir='ltr'>tantas</span> <span class='ocrx_word' id='word_1_316' title='bbox 1326 2612 1579 2664; x_wconf 81' lang='lat' dir='ltr'>tragoedias</span> <span class='ocrx_word' id='word_1_317' title='bbox 1611 2624 1681 2663; x_wconf 85' lang='lat' dir='ltr'>pe-</span> 
     </span>
     <span class='ocr_line' id='line_1_37' title="bbox 47 2673 1675 2729; baseline 0.002 -16"><span class='ocrx_word' id='word_1_318' title='bbox 47 2673 206 2713; x_wconf 87' lang='lat' dir='ltr'>cuniae</span> <span class='ocrx_word' id='word_1_319' title='bbox 235 2675 368 2726; x_wconf 90' lang='lat' dir='ltr'>atque</span> <span class='ocrx_word' id='word_1_320' title='bbox 398 2675 631 2715; x_wconf 88' lang='lat' dir='ltr'>facultates</span> <span class='ocrx_word' id='word_1_321' title='bbox 676 2677 805 2716; x_wconf 91' lang='lat' dir='ltr'>nobis</span> <span class='ocrx_word' id='word_1_322' title='bbox 848 2678 904 2716; x_wconf 91' lang='lat' dir='ltr'>ab</span> <span class='ocrx_word' id='word_1_323' title='bbox 948 2677 1156 2729; x_wconf 90' lang='lat' dir='ltr'>episcopo</span> <span class='ocrx_word' id='word_1_324' title='bbox 1201 2678 1344 2729; x_wconf 80' lang='lat' dir='ltr'>legate</span> <span class='ocrx_word' id='word_1_325' title='bbox 1387 2678 1675 2718; x_wconf 89' lang='lat' dir='ltr'>suscitarunt.</span> 
     </span>
    </p>
   </div>
   <div class='ocr_carea' id='block_1_3' title="bbox 111 2850 808 2889">
    <p class='ocr_par' dir='ltr' id='par_1_3' title="bbox 111 2850 808 2889">
     <span class='ocr_line' id='line_1_38' title="bbox 111 2850 808 2889; baseline 0.006 -7"><span class='ocrx_word' id='word_1_326' title='bbox 111 2858 130 2878; x_wconf 83' lang='lat' dir='ltr'>a</span> <span class='ocrx_word' id='word_1_327' title='bbox 149 2850 204 2883; x_wconf 87' lang='lat' dir='ltr'>ita</span> <span class='ocrx_word' id='word_1_328' title='bbox 225 2860 353 2889; x_wconf 79' lang='lat' dir='ltr'>supra</span> <span class='ocrx_word' id='word_1_329' title='bbox 375 2861 478 2885; x_wconf 83' lang='lat' dir='ltr'>vers.</span> <span class='ocrx_word' id='word_1_330' title='bbox 504 2871 542 2875; x_wconf 86' lang='lat'>-</span> <span class='ocrx_word' id='word_1_331' title='bbox 567 2853 584 2879; x_wconf 83' lang='lat' dir='ltr'>b</span> <span class='ocrx_word' id='word_1_332' title='bbox 605 2852 687 2885; x_wconf 82' lang='lat' dir='ltr'>Del.</span> <span class='ocrx_word' id='word_1_333' title='bbox 717 2853 808 2886; x_wconf 89' lang='lat' dir='ltr'>fieri.</span> 
     </span>
    </p>
   </div>
   <div class='ocr_carea' id='block_1_4' title="bbox 49 3011 1680 3109">
    <p class='ocr_par' dir='ltr' id='par_1_4' title="bbox 49 3011 1680 3109">
     <span class='ocr_line' id='line_1_39' title="bbox 110 3011 1680 3058; baseline 0.003 -14"><span class='ocrx_word' id='word_1_334' title='bbox 110 3013 121 3031; x_wconf 86' lang='lat'>¹</span> <span class='ocrx_word' id='word_1_335' title='bbox 144 3011 350 3045; x_wconf 90' lang='lat' dir='ltr'>Gulielmus</span> <span class='ocrx_word' id='word_1_336' title='bbox 373 3022 396 3045; x_wconf 89' lang='lat' dir='ltr'>a</span> <span class='ocrx_word' id='word_1_337' title='bbox 418 3013 528 3045; x_wconf 90' lang='lat' dir='ltr'>Prato</span> <span class='ocrx_word' id='word_1_338' title='bbox 552 3013 618 3054; x_wconf 86' lang='lat' dir='ltr'>(du</span> <span class='ocrx_word' id='word_1_339' title='bbox 641 3014 742 3055; x_wconf 87' lang='lat' dir='ltr'>Prat)</span> <span class='ocrx_word' id='word_1_340' title='bbox 766 3015 964 3057; x_wconf 88' lang='lat' dir='ltr'>episcopus</span> <span class='ocrx_word' id='word_1_341' title='bbox 987 3016 1302 3056; x_wconf 84' lang='lat' dir='ltr'>claromontanus,</span> <span class='ocrx_word' id='word_1_342' title='bbox 1321 3016 1387 3058; x_wconf 90' lang='lat' dir='ltr'>qui</span> <span class='ocrx_word' id='word_1_343' title='bbox 1411 3016 1470 3048; x_wconf 89' lang='lat' dir='ltr'>die</span> <span class='ocrx_word' id='word_1_344' title='bbox 1493 3016 1592 3048; x_wconf 66' lang='lat'>022-23</span> <span class='ocrx_word' id='word_1_345' title='bbox 1615 3015 1680 3048; x_wconf 86' lang='lat' dir='ltr'>Oc-</span> 
     </span>
     <span class='ocr_line' id='line_1_40' title="bbox 49 3064 931 3109; baseline 0.005 -12"><span class='ocrx_word' id='word_1_346' title='bbox 49 3064 167 3098; x_wconf 87' lang='lat' dir='ltr'>tobris</span> <span class='ocrx_word' id='word_1_347' title='bbox 191 3065 272 3098; x_wconf 87' lang='lat'>1560</span> <span class='ocrx_word' id='word_1_348' title='bbox 293 3066 333 3098; x_wconf 91' lang='lat' dir='ltr'>in</span> <span class='ocrx_word' id='word_1_349' title='bbox 356 3067 491 3108; x_wconf 88' lang='lat' dir='ltr'>oppido</span> <span class='ocrx_word' id='word_1_350' title='bbox 515 3066 750 3109; x_wconf 85' lang='lat' dir='ltr'>Beauregard</span> <span class='ocrx_word' id='word_1_351' title='bbox 775 3068 931 3102; x_wconf 87' lang='lat' dir='ltr'>obierat.</span> 
     </span>
    </p>
   </div>
  </div>
 </body>
</html>
