2099 3516
566 289 645 323 492.
674 309 716 312 —
747 287 955 324 PALANTIA
982 288 1027 322 27
1056 286 1207 322 Mfflm
1239 287 1325 321 1561
1354 289 1405 333 (?)
1676 290 1740 324 171}

916 513 1031 560 494

370 651 423 700 Ρ.
496 651 1097 701 FERDINANDUS
1170 651 1573 702 ALVAREZ

630 783 836 808 PALANTIA
862 772 907 806 27
936 782 1081 808 MARTII
1112 772 1267 817 156102)
1297 773 1318 807 ¹.

158 889 389 928 Socim-mn
419 902 651 929 numerus.
686 912 732 916 —
767 890 891 929 Cives
920 891 1172 939 frequentes
1202 891 1260 929 ad
1288 892 1481 938 nostros,
1504 894 1788 931 sacramenta

262 956 537 1005 suscipiendi
565 957 730 1005 gyratio,
763 956 1021 994 accurrunt.
1044 977 1093 981 —
1114 956 1243 994 Fidei
1272 956 1531 995 rudimenta
1561 970 1789 1007 exponun-

264 1020 350 1067 tur,
383 1021 422 1059 et
451 1021 677 1060 contiones
706 1021 926 1059 habentur
955 1033 982 1059 α
1016 1022 1163 1059 sociis.
1198 1043 1247 1047 —
1282 1021 1467 1071 Colleyii
1488 1022 1786 1071 benefactores

262 1086 396 1124 (evicti.
429 1107 479 1112 —
509 1086 728 1136 Religiosi
762 1085 843 1125 Sti.
881 1086 1130 1133 Francisci,
1162 1087 1202 1124 et
1232 1086 1314 1125 Sti.
1343 1088 1570 1126 Dominici
1602 1088 1658 1126 ad
1689 1100 1789 1126 con-

266 1152 432 1189 vivium
461 1152 511 1189 in
539 1152 649 1200 festo
680 1152 1036 1189 circumcisionis
1069 1152 1118 1189 D.
1154 1152 1207 1190 N.
1239 1152 1346 1190 Iesu
1380 1151 1547 1191 Christi
1590 1154 1788 1192 invitati.

235 1275 264 1324 ἢ
294 1274 414 1315 Ihus.
447 1274 699 1314 Admodum
731 1274 827 1314 R‘le
860 1275 928 1314 Pr.
964 1274 1186 1326 [Quinque
1215 1278 1337 1326 socii,
1370 1289 1561 1326 qnorum
1597 1278 1684 1316 dito
1718 1290 1789 1316 so-

157 1340 363 1387 cerclotes,
397 1342 565 1390 optim-a
595 1342 768 1379 utentes
798 1342 1066 1388 valetudine,
1103 1343 1318 1392 propriae
1359 1343 1663 1391 adquirendae
1695 1355 1792 1392 per-

155 1405 349 1454 fectioni,
394 1407 433 1444 et
470 1407 789 1455 proximormn
832 1407 974 1445 saluti
1016 1405 1312 1457 incmnbimm
1357 1404 1497 1455 Quam
1542 1407 1694 1445 crebra
1733 1406 1790 1445 sit

156 1471 532 1509 sacramentorum
564 1469 910 1517 administratio,
935 1481 1003 1509 res
1025 1470 1121 1521 ipsa
1142 1470 1324 1510 indicat.
1357 1470 1471 1520 Quia
1500 1482 1599 1510 cuin
1631 1471 1677 1510 in
1708 1471 1790 1510 hoc

157 1536 309 1573 nostro
330 1534 517 1585 collegio
540 1546 627 1573 non
651 1534 741 1574 sint
762 1535 849 1574 nisi
872 1537 1044 1574 tantum
1071 1535 1160 1574 duo
1190 1535 1456 1577 sacerdotes,
1488 1536 1545 1575 ob
1576 1536 1619 1575 id
1643 1538 1789 1575 tamen

156 1611 388 1650 nunquam
418 1600 558 1639 defuit
587 1600 663 1651 qui
695 1600 783 1639 sere
814 1600 860 1639 in
891 1603 983 1639 tota
1012 1601 1096 1639 hac
1134 1600 1501 1651 quadragessima
1539 1612 1790 1640 sacramen-

156 1667 251 1704 tum
289 1665 586 1704 eucharistiae
634 1666 863 1716 acciperet.
912 1666 1036 1705 Vnde
1070 1665 1108 1705 si
1152 1666 1340 1716 operari]
1389 1666 1538 1716 plures
1583 1666 1788 1711 fuissent,

157 1730 271 1770 nulli
301 1730 487 1770 dubium
518 1733 584 1770 est
613 1731 722 1782 quin
754 1730 925 1770 fructus
954 1731 1256 1770 abundantior
1285 1733 1414 1771 esset.

237 1794 438 1846 Singulis
467 1795 720 1846 quibusque
751 1795 909 1835 diebus
943 1795 1335 1847 quadragessimae
1379 1796 1530 1846 hujus,
1577 1796 1790 1836 articulos

157 1860 274 1903 fideii
307 1860 604 1911 mandataque
647 1861 759 1911 legis
793 1863 835 1900 et
864 1861 952 1900 alia
996 1873 1081 1911 que
1126 1861 1251 1911 pueri
1295 1863 1503 1901 tenentur
1545 1864 1643 1912 post
1687 1874 1791 1913 qua·

157 1925 480 1964 tuordeciinum
510 1937 678 1965 annum
709 1925 836 1970 scire,
870 1926 992 1976 ipsos
1023 1938 1137 1965 vnus
1167 1938 1219 1965 ex
1250 1926 1416 1965 nostris
1450 1927 1589 1966 docet.
1633 1927 1790 1966 Postea

158 1992 330 2029 tantum
361 1990 443 2029 hoc
475 1990 621 2030 iddem
652 1992 699 2030 fit
730 1991 797 2042 (ut
827 1991 958 2030 nobis
990 2003 1085 2030 mos
1114 1992 1195 2041 est)
1228 1992 1403 2031 festinis
1433 1992 1605 2032 diebus.

238 2056 288 2094 ln
318 2056 480 2106 quauis
510 2056 787 2095 hebdomada
834 2056 971 2107 hujus
1015 2057 1407 2107 quadragessimae
1436 2058 1460 2096 3
1490 2057 1649 2097 habuit
1691 2070 1792 2097 con-

157 2121 301 2160 tiones
327 2129 345 2147 a
376 2122 444 2161 Pr.
475 2121 662 2175 §amora
691 2128 719 2169 2,
752 2134 938 2173 quarum
992 2134 1123 2161 vnam
1154 2122 1199 2161 in
1230 2125 1383 2161 nostra
1417 2123 1563 2170 domo,
1600 2123 1790 2162 domini-

157 2186 221 2225 cis
250 2186 422 2235 diebus,
455 2186 594 2226 finitis
626 2187 835 2237 vesperis,
868 2187 984 2226 fecit.
1018 2187 1232 2238 Reliquas
1258 2199 1361 2226 vero
1391 2187 1438 2226 in
1468 2188 1643 2227 duabus
1674 2188 1792 2238 prin-

157 2251 448 2301 cipalioribus
492 2252 628 2302 hujus
667 2252 865 2291 ciuitatis
904 2252 1144 2302 parochiis,
1178 2264 1339 2303 magna
1369 2255 1516 2292 tamen
1547 2253 1789 2292 astantium

157 2316 412 2356 auditorum
442 2317 583 2367 copia.

239 2382 386 2433 Hujus
415 2382 587 2433 collegi]
632 2383 933 2422 benefactores
978 2383 1111 2429 Deus,
1156 2383 1232 2433 qui
1278 2395 1377 2422 vere
1421 2383 1645 2425 dominus
1694 2395 1792 2423 vere

160 2446 425 2493 misericors,
457 2447 534 2498 qui
583 2459 812 2498 nunquam
850 2449 1080 2498 sperantes
1110 2447 1157 2486 in
1187 2459 1233 2487 se
1263 2448 1424 2487 deserit
1468 2448 1613 2487 adhuc
1644 2448 1791 2499 dupli-

220 2608 236 2626 a
256 2600 473 2632 consciones
499 2610 568 2632 ms.

221 2755 231 2772 ¹
255 2754 307 2786 Ex
330 2755 505 2796 originali
522 2756 568 2792 ,in
593 2756 670 2787 cod.
698 2755 811 2797 [Περ.
837 2756 897 2795 99,
923 2756 958 2788 ff.
987 2757 1055 2794 116,
1083 2757 1166 2793 117:
1193 2757 1298 2798 prius
1336 2758 1397 2789 224
1434 2758 1530 2789 inter
1567 2758 1675 2798 epist.
1702 2759 1791 2790 anni

159 2808 250 2840 1562.
276 2808 407 2840 Annus
441 2818 514 2850 quo
538 2809 678 2850 scripta
716 2809 777 2848 sit,
818 2809 921 2841 deest
956 2810 994 2841 in
1032 2810 1221 2851 originali.
1247 2811 1359 2843 Aliud
1383 2811 1601 2852 [exemplum
1640 2812 1792 2843 omnino

159 2860 255 2893 idem
279 2861 533 2902 subscriptum
557 2871 579 2894 a
602 2862 804 2894 Laurentio
827 2862 978 2902 Jaimes,
1004 2864 1061 2895 est
1084 2864 1123 2895 in
1147 2864 1226 2896 cod.
1251 2864 1365 2905 Hisp.
1391 2864 1450 2900 ΩΤ,
1477 2864 1500 2897 f.
1525 2865 1576 2903 90,
1595 2866 1699 2905 prius
1720 2865 1790 2903 183,

159 2914 257 2946 inter
279 2914 387 2956 epist.
414 2916 503 2947 anni
532 2916 620 2948 1560.
646 2915 685 2948 Si
709 2915 805 2948 hanc
830 2925 913 2948 cum
937 2916 1023 2948 aliis
1046 2917 1216 2958 epistolis
1240 2918 1484 2959 comparabis,
1511 2918 1636 2959 potius
1660 2918 1706 2949 ad
1730 2927 1794 2949 an-

159 2977 248 2999 num
273 2968 349 3000 1561
375 2969 561 3010 pertinere
599 2969 756 3001 videbis.
782 2969 834 3002 Cf.
874 2969 969 3002 Litt.
999 2970 1206 3009 Quadrim.
1231 2970 1291 3006 VI,
1317 2973 1388 3004 487.
1414 2972 1475 3003 9:35
1511 2981 1615 3013 sqq.:
1644 2973 1679 3003 et
1704 2972 1794 3004 inie-

159 3021 238 3052 rius
262 3021 370 3062 epist.
395 3022 414 3053 2
436 3022 541 3054 Junii
567 3022 658 3054 1562.

220 3076 232 3093 2
255 3074 293 3106 P.
319 3074 452 3107 Garcia
475 3075 519 3107 de
544 3075 712 3108 Zamora.
739 3075 790 3109 Cf.
817 3076 870 3108 515
893 3076 989 3109 Liri.
1018 3075 1240 3116 Quadi-lm„
1266 3078 1308 3117 V,
1335 3079 1406 3110 700.
