2099 3516
536 266 617 302 5035.
644 287 690 292 —-
719 266 876 303 OCANIA
906 267 950 302 14
976 266 1075 302 MA11
1104 266 1190 302 1561
1563 267 1633 303 315

52 383 278 435 negotium
310 384 453 423 fuerat
489 384 821 431 demandatum,
866 384 1128 424 Societatem
1172 384 1290 424 iusta
1333 396 1567 435 exposcere
1610 397 1681 424 as-

53 448 377 495 seuerantibus‚
409 460 600 499 quorum
630 449 849 488 sententia
870 461 920 488 ac
941 448 1077 488 huius
1097 449 1250 500 oppidi
1272 450 1455 488 senatus
1475 449 1681 489 cOnsulto

53 524 132 564 pro
152 513 282 552 nobis
302 513 434 552 etiam
456 514 561 562 lato,
585 514 640 553 ad
661 513 1049 565 congregationem
1071 525 1149 553 seu
1179 513 1430 565 generalem
1460 514 1681 564 synodum

52 577 251 628 equitum
272 577 367 617 diui
390 578 537 618 Iacobi
558 581 688 630 (quos
709 579 797 618 alio
819 578 999 618 nomine
1027 579 1408 618 commendatores
1438 578 1681 629 appellant)

53 642 270 691 adductis,
302 643 350 682 in
378 655 511 694 quam
543 643 680 683 totius
724 643 969 694 Hispaniae
1014 643 1252 694 principes,
1297 645 1430 694 atque
1468 643 1578 682 adeo
1608 655 1682 682 rex

53 707 148 757 ipse
177 709 188 730 ¹
219 710 536 756 conuenerant,
567 709 744 748 abunde
773 708 892 748 uotis
923 709 1087 748 nostris
1116 710 1182 748 est
1203 708 1366 748 factum
1388 708 1512 747 satis.
1541 707 1682 747 Tanta

52 774 119 811 est
146 773 265 823 apud
298 785 452 813 omnes
482 774 535 813 de
564 774 730 813 nostris
760 774 806 813 in
836 774 1091 813 discordum
1122 773 1286 812 animis
1315 773 1370 812 ad
1400 773 1681 812 concordiam

53 837 330 885 reducendis,
361 840 572 889 concepta
601 839 769 889 opinio,
802 841 850 878 ut
872 838 946 878 uix
977 838 1244 883 simultates,
1277 838 1498 877 tumultus
1519 840 1562 877 et
1583 837 1683 876 lites

52 901 323 950 exoriantur,
355 915 468 954 quae
490 915 566 954 per
584 906 762 943 nostros
792 904 940 954 pacari
971 904 1122 943 statim
1152 915 1307 943 omnes
1336 915 1427 942 non
1457 903 1680 942 studeant.

54 967 102 1006 Id
131 967 310 1018 quidem
340 968 516 1019 generis
544 980 719 1019 possem
765 969 984 1020 permulta
1028 969 1203 1016 referre,
1235 968 1273 1008 si
1304 968 1388 1007 hoc
1418 980 1557 1008 unum
1594 979 1683 1007 non

53 1032 162 1071 satis
192 1032 303 1072 illud
346 1033 585 1073 arbitrarer
626 1034 820 1085 aperire:
855 1036 902 1074 ut
931 1046 1031 1074 cum
1061 1034 1295 1085 sexaginta
1336 1033 1501 1072 abhinc
1544 1032 1684 1072 leucis

53 1097 124 1137 uir
151 1098 430 1138 truculentus
459 1099 686 1138 hominem
715 1100 938 1150 quendam
969 1099 1283 1138 interfecturus
1312 1098 1532 1138 adductus
1555 1098 1681 1144 foret,

53 1174 141 1213 quo
170 1162 352 1214 impune
383 1164 553 1215 (autore
582 1165 694 1204 tanti
725 1165 905 1204 sceleris
934 1164 1178 1216 incognito)
1214 1166 1364 1215 posset
1393 1163 1561 1203 crimen
1593 1162 1682 1214 pal·

54 1227 153 1266 liari
188 1234 221 1275 a,
255 1227 359 1267 huic
404 1229 519 1268 malo
563 1229 691 1268 facile
721 1242 744 1268 a
785 1229 914 1268 Patre
957 1229 1090 1269 fuerit
1132 1229 1380 1268 obuiatum.
1427 1228 1600 1267 Addam
1643 1229 1685 1267 et

53 1292 168 1332 inter
196 1293 407 1343 primates
449 1294 562 1334 duos
591 1294 609 1320 b
641 1294 952 1334 acerbissimas
996 1294 1247 1334 simultates
1294 1296 1484 1340 exortas,
1531 1293 1685 1333 multis

53 1357 171 1397 uitae
213 1357 453 1398 discrimen
495 1359 809 1407 subeuntibus,
854 1372 968 1411 quae
1012 1359 1218 1411 precibus
1262 1359 1415 1407 nullis,
1457 1358 1685 1410 nullisque

52 1423 196 1462 modis
225 1423 355 1462 leniri
400 1436 528 1474 posse
571 1425 854 1473 uidebantur,
900 1425 1117 1465 aduocato
1151 1425 1284 1464 etiam
1315 1436 1367 1463 ex
1406 1424 1530 1463 curia
1562 1423 1684 1474 regia

51 1488 253 1528 censorio
282 1489 428 1529 iudice
456 1490 503 1529 in
533 1493 684 1530 sontes
713 1491 1099 1538 animaduersuro,
1131 1503 1157 1530 a
1186 1491 1316 1530 Patre
1346 1493 1509 1537 tamen,
1551 1491 1684 1529 rebus

52 1554 263 1594 omnibus
305 1557 514 1606 paccatis,
559 1568 638 1607 pro
683 1556 800 1596 uotis
843 1556 1060 1598 omnium.
1105 1556 1396 1607 omniumque
1443 1567 1682 1601 consensu,

54 1619 271 1659 beneuola
300 1620 389 1660 lata
419 1621 654 1668 sententia,
687 1621 881 1661 recessit.

132 1685 171 1724 4.
206 1685 265 1725 Iis
295 1685 400 1725 item
430 1686 587 1726 diebus
618 1687 780 1726 tradita
810 1689 916 1726 sunt
945 1687 1057 1727 uiris
1085 1687 1284 1738 quinque
1318 1686 1538 1737 spiritalia
1568 1697 1686 1725 exer·

53 1749 172 1797 citia,
204 1751 379 1790 cuidam
412 1752 669 1802 praesertim
701 1752 933 1791 mercatori
955 1752 1007 1791 de
1029 1752 1246 1792 Societate
1277 1752 1387 1791 bene
1414 1751 1585 1797 merito,
1609 1750 1685 1801 qui

53 1815 135 1855 hac
165 1816 446 1856 solummodo
467 1817 520 1856 de
541 1829 675 1857 causa
705 1817 859 1857 Toleto
891 1818 977 1857 huc
1007 1817 1206 1857 accessit.
1231 1817 1359 1856 Faxit
1381 1817 1458 1856 Dei
1490 1816 1683 1859 bonitas,

55 1882 103 1919 ut
142 1892 222 1919 nos
251 1881 327 1931 qui
359 1881 405 1920 in
442 1881 538 1932 ipsa
583 1882 782 1921 uiuimus
830 1882 1062 1929 Societate,
1112 1882 1224 1921 tales
1267 1893 1349 1921 nos
1378 1881 1684 1927 exhibeamus,

54 1945 208 1996 quales
238 1945 381 1997 ipsius
410 1947 666 1986 institutum
696 1947 847 1998 exigit,
881 1949 1070 1998 tuosque
1090 1948 1136 1986 in
1158 1946 1335 1986 Christo
1365 1946 1550 1985 dilectos
1570 1945 1687 1984 filios

53 2009 186 2050 decet.
220 2010 394 2062 [Preces
421 2012 651 2064 postulat]
684 2011 926 2052 Olcadibus
955 2013 968 2035 2
1002 2012 1142 2063 pridie
1190 2011 1291 2051 idus
1335 2011 1436 2061 Maij
1488 2011 1602 2050 1561.
1636 2010 1685 2050 R.

55 2075 103 2115 P.
135 2075 183 2115 T.
218 2076 431 2117 minimus
460 2079 503 2116 et
531 2077 745 2128 indignus
776 2077 822 2116 in
853 2077 1029 2117 Christo
1060 2077 1180 2116 filius

1298 2184 1519 2223 IOSEPHUS
1550 2186 1578 2222 ³.

162 2268 212 2307 R.
246 2268 294 2307 P.
328 2268 529 2308 Rectoris
559 2269 700 2308 iussu.

161 2335 421 2385 Inscripti&

162 2398 252 2438 IHs.
286 2398 487 2438 Toscana
520 2423 568 2427 —
597 2398 839 2439 Olcadibus
870 2422 919 2426 —
952 2399 1061 2438 Para
1108 2398 1149 2438 la
1182 2398 1420 2437 Prouincia
1463 2398 1516 2437 de
1560 2396 1689 2436 Italia

56 2463 165 2502 citra
196 2464 396 2503 Romam.

116 2657 133 2675 a
166 2649 301 2690 paliari
325 2658 396 2681 ms.
422 2667 461 2670 —
484 2648 503 2675 b
539 2648 613 2680 duo
643 2657 712 2680 ms.

120 2811 131 2828 ¹
154 2809 350 2851 Philippus
374 2810 418 2842 lI.

119 2864 131 2882 ²
154 2863 264 2895 Varie
297 2872 431 2896 nomen
467 2863 570 2896 urbis
607 2876 622 2891 «
653 2863 776 2896 Ocafia
804 2877 818 2891 »
855 2863 1086 2895 scribebant:
1123 2862 1287 2901 Olcania‚
1324 2862 1474 2901 Ocania,
1511 2862 1689 2898 Ocannia,

58 2914 169 2955 Ocile,
199 2915 363 2949 OlcadeS.

119 2970 132 2988 ³
152 2969 245 3002 vide
268 2979 302 3011 p.
334 2970 385 3002 71.
