2099 3516
420 273 489 308 0296
888 273 1093 309 LITTERAE
1131 273 1474 318 QUADmMESTREs

373 390 591 430 institutis
647 402 928 441 progressum
972 390 1201 442 feceri[n]t,
1234 391 1305 430 uel
1361 391 1465 430 hinc
1524 391 1699 432 abunde
1727 400 1746 418 a
1786 395 1989 433 constare

371 457 529 506 potest,
573 455 689 506 quod
733 466 887 494 omnes
934 467 1023 494 non
1066 455 1196 494 modo
1242 455 1506 506 contemptis
1550 456 1703 495 mundi
1747 468 1797 496 ac
1842 468 1987 497 rerum

372 520 637 559 caducarum
685 519 905 559 illecebris
952 520 1007 559 ad
1050 520 1302 571 religiosam
1332 521 1655 572 perfectamque
1686 524 1988 572 paupertatem

372 584 569 624 certatim
612 584 896 631 contendant,
941 596 1083 635 neque
1125 585 1269 623 solum
1313 584 1519 624 extinctis
1565 587 1799 636 curruptae
1841 586 1988 626 carnis

370 660 420 688 ac
465 647 710 687 uoluntatis
739 648 940 698 propriae
969 648 1201 698 desiderijs
1231 660 1391 698 magna
1433 648 1651 699 simplicis
1693 650 1986 700 obedientiae,

372 724 593 764 puraeque
621 712 974 752 conuersationis
1002 713 1216 762 exempla,
1253 724 1351 752 cum
1400 713 1564 752 nostris
1593 713 1861 762 domesticis,
1894 717 1987 754 tum

369 777 589 817 extraneis
619 776 877 816 hominibus
908 777 1172 827 praebeant;
1204 789 1359 816 uerum
1390 777 1521 816 etiam
1553 777 1771 828 singulari
1813 779 1988 829 pietatis

370 842 477 888 zelo,
508 844 597 880 tam
626 853 859 891 corporum
903 841 1137 891 multiplici
1176 841 1475 892 diuturnaque
1517 842 1821 893 castigatione,
1853 855 1986 894 quam

370 906 577 956 suspirijs
619 917 669 944 ac
699 905 917 956 precibus,
950 905 1250 956 proximorum
1293 906 1461 945 abusus
1503 906 1670 954 tollere,
1712 907 1988 958 uirtutesque

370 982 628 1022 promouere
671 969 885 1010 nitantur.
932 970 1047 1009 Illud
1094 970 1206 1009 alias
1248 970 1521 1020 saepissime,
1571 971 1646 1010 sed
1690 983 1829 1021 nuper
1866 984 1988 1022 prae-

368 1035 519 1075 sertim
561 1034 767 1085 apparuit
797 1035 843 1073 in
886 1035 1224 1078 bachanalibus,
1255 1035 1434 1085 quando
1478 1037 1648 1086 praeter
1689 1035 1802 1075 alias
1838 1037 1987 1086 poeni-

368 1100 544 1147 tentias,
575 1111 687 1150 quas
707 1111 868 1150 magno
890 1100 1060 1139 feruore
1082 1100 1301 1150 petebant,
1326 1111 1401 1150 per
1429 1099 1635 1139 ultimum
1658 1100 1769 1139 illud
1790 1100 1987 1140 triduum

368 1164 642 1215 disciplinas,
674 1164 874 1203 adhibita
903 1164 1033 1203 suaui
1063 1164 1254 1215 quadam
1285 1164 1489 1214 melodia,
1513 1164 1728 1212 subirent,
1760 1177 1848 1216 quo
1869 1165 1987 1205 Deus

367 1229 712 1269 christianorum
742 1228 970 1268 hominum
1005 1230 1171 1267 mentes
1200 1228 1471 1268 illuminaret
1493 1228 1547 1268 ad
1569 1229 1897 1279 cognoscendos
1924 1230 1987 1269 ui-

367 1295 612 1345 tandosque
655 1293 867 1344 temporis
909 1293 1033 1333 illius
1075 1294 1257 1333 abusus.
1303 1293 1523 1344 Apparuit
1566 1293 1678 1333 idem
1711 1294 1987 1345 quotidianis

367 1358 653 1410 di[sci]plinis
673 1370 723 1397 ac
743 1357 928 1409 litaniJs,
951 1369 1062 1409 quas
1082 1358 1173 1397 Deo
1194 1369 1269 1408 per
1297 1358 1681 1409 quadragesimam
1713 1358 1983 1402 obtulerunt,

367 1425 415 1463 ut
444 1423 711 1474 grauissima
730 1423 947 1474 quaedam
969 1422 1109 1462 nostri
1140 1422 1312 1473 collegij
1346 1422 1543 1473 negocia,
1567 1434 1680 1473 quae
1710 1423 1839 1462 modo
1870 1423 1985 1462 ΒΑΜ

366 1491 431 1527 Pr.
464 1487 658 1527 Victoria
701 1499 801 1527 cum
831 1486 872 1528 S.
904 1486 949 1527 C,
983 1487 1037 1526 M.
1070 1488 1222 1526 nostro
1263 1487 1332 1526 uel
1363 1487 1511 1537 potius
1553 1487 1758 1526 Boemiae
1808 1487 1985 1526 nomine

366 1554 538 1597 tractat,
570 1552 767 1591 foelicem
797 1551 971 1591 tandem
1003 1551 1246 1603 euent[uml
1278 1551 1549 1598 sortiantur;
1594 1551 1722 1591 cuius
1752 1551 1813 1590 rei
1844 1551 1985 1602 gratia

365 1617 553 1656 letanias
581 1616 824 1656 etiamnum
853 1616 1051 1667 quotidie
1080 1616 1315 1667 collegium
1355 1618 1554 1655 nostrum
1586 1616 1813 1667 persoluit.
1848 1616 1985 1656 Auxit

365 1681 559 1733 mir[um]
605 1681 651 1720 in
693 1681 871 1720 modum
903 1681 1018 1720 hanc
1061 1681 1277 1720 internam
1322 1681 1523 1720 omnium
1568 1680 1773 1731 pietatem
1822 1681 1985 1731 duplex

364 1749 569 1786 uotorum
609 1746 858 1793 innouatio,
889 1758 1002 1796 quae
1047 1746 1241 1796 profecto
1272 1757 1361 1784 non
1406 1745 1574 1785 minore
1607 1745 1744 1785 totius
1775 1745 1981 1797 [colle]gij

364 1811 542 1863 gaudio,
573 1823 705 1862 quam
744 1811 995 1859 deuotione,
1026 1810 1378 1851 circumcisionis
1406 1810 1424 1836 h
1468 1822 1518 1850 ac
1551 1810 1833 1861 paschalibus
1862 1811 1985 1862 ferijs

367 1878 542 1927 paracta
570 1878 649 1916 est.
680 1876 732 1915 Et
760 1876 967 1927 quamuis
997 1876 1104 1915 haec
1133 1875 1283 1914 omnia
1312 1875 1478 1914 lateant
1512 1875 1715 1914 homines
1735 1876 1981 1923 extraneos,

363 1941 517 1981 diuina
549 1943 696 1980 tamen
725 1940 1006 1991 prouidentia
1026 1940 1119 1980 fieri
1142 1940 1333 1987 uidetur,
1360 1942 1406 1979 ut
1436 1940 1512 1991 qui
1543 1940 1705 1979 uiuunt
1726 1939 1771 1979 in
1797 1939 1983 1991 collegio

363 2017 482 2044 nouo
512 2007 540 2052 1,
571 2005 623 2044 026
652 2012 667 2031 0
696 2004 970 2056 singular[is]
994 2003 1312 2055 expectationis
1341 2004 1658 2050 adolescenteS,
1689 2003 1981 2043 christianum

362 2069 488 2109 illum
532 2072 784 2109 nostrorum
815 2069 1000 2108 fratrum
1029 2069 1171 2108 zelum
1201 2068 1248 2107 in
1279 2068 1579 2119 promouenda
1614 2068 1846 2107 hominum
1876 2068 1983 2107 alio-

362 2146 459 2174 rum
489 2134 632 2174 salute
660 2134 896 2185 diligenter
924 2133 1167 2173 imitentur.
1199 2133 1310 2172 Nam
1340 2133 1456 2172 inter
1485 2133 1613 2180 alios,
1644 2133 1825 2184 quidam
1853 2133 1878 2172 8
1907 2145 1983 2172 an-

362 2210 521 2239 norum
551 2210 659 2249 puer
687 2200 869 2238 matrem
899 2198 1118 2238 hussitam
1148 2210 1229 2237 sua
1259 2199 1416 2248 sponte
1459 2197 1709 2248 frequenter
1737 2199 1779 2237 et
1821 2209 1982 2249 magno

362 2264 533 2303 feruore
576 2276 710 2303 causa
741 2263 970 2315 religionis
1013 2263 1284 2314 aggreditur,
1316 2262 1542 2310 sollicitat,
1578 2263 1793 2310 obsecrat,
1838 2264 1979 2313 urget.

362 2328 452 2376 Ait,
485 2329 631 2368 enim:
664 2328 701 2368 si
732 2331 855 2379 pater
874 2340 999 2368 meus
1027 2331 1069 2367 et
1098 2340 1178 2378 ego
1207 2327 1414 2367 catholici
1443 2338 1616 2374 sumus,
1649 2327 1781 2366 etiam
1811 2329 1982 2377 oportet

361 2395 545 2433 matrem
583 2405 679 2433 esse
721 2393 998 2433 catholicam.
1031 2393 1155 2433 Vnde
1184 2404 1283 2432 cum
1314 2392 1474 2432 mulier
1505 2404 1627 2443 spem
1656 2392 1851 2443 aliquam
1881 2403 1983 2431 con-

362 2458 583 2497 uersionis
624 2457 855 2508 promittit,
906 2457 1099 2496 mirabili
1142 2457 1306 2508 gaudio
1336 2468 1444 2507 puer
1481 2456 1773 2507 perfunditur.
1818 2456 1980 2496 Verum

360 2523 539 2573 quando
568 2522 645 2562 illa
674 2522 930 2562 duriuscule
959 2522 1208 2572 respondet,
1242 2521 1309 2561 uel
1340 2521 1487 2560 differt
1517 2520 1854 2569 confessionem,
1886 2520 1981 2572 ipse

358 2588 490 2636 dolet,
536 2587 850 2639 lachrymatur,
883 2599 962 2626 nec
1005 2588 1188 2626 matrem
1232 2597 1471 2637 agnoscere
1519 2586 1591 2626 uel
1638 2585 1833 2626 inuisere
1881 2585 1981 2625 uult

356 2652 566 2703 amplius.
599 2652 759 2692 Eadem
781 2652 942 2703 pietate
963 2652 1009 2691 in
1029 2663 1135 2691 suos
1166 2653 1368 2702 parentes
1388 2650 1681 2702 quorumdam
1703 2650 1978 2690 hussitarum

418 2835 437 2854 a
457 2827 603 2860 abunde
625 2836 750 2869 supra
773 2836 874 2860 vers.
898 2845 938 2850 —-
961 2827 979 2853 b
1006 2826 1264 2859 circumsionis
1280 2834 1351 2858 ms.
1376 2844 1416 2849 —
1439 2834 1454 2853 c
1483 2825 1565 2858 Del.
1583 2826 1707 2858 autem
1723 2825 1772 2867 (P)

420 2994 430 3011 ¹
454 2992 505 3024 De
527 2992 688 3034 Collegio
711 2992 780 3025 hoc
803 3001 909 3032 novo,
934 2992 1012 3024 sive
1034 3000 1250 3033 pauperum,
1274 2990 1359 3023 vide
1381 2990 1434 3022 sis
1460 2989 1557 3024 Litt.
1586 2988 1792 3030 Quadrim.
1816 2989 1877 3029 VI,
1903 2990 1976 3030 101,

354 3044 429 3084 150,
452 3044 525 3084 459,
548 3045 620 3084 474,
644 3045 717 3078 812.
