2099 3516
426 241 500 276 469.
528 262 573 265 ——
600 240 834 276 ΜΕΤΗΥΜΝΑ
863 240 994 276 CAMP1
1025 241 1068 275 1()
1094 241 1284 276 IANUARll
1319 242 1401 277 1561
1633 245 1679 279 55

100 358 248 398 nerale
276 358 519 409 capitulum
550 358 843 405 celebrarunt,
875 358 961 405 cui.
993 358 1069 409 qui
1100 359 1464 409 generalissimus
1495 362 1628 411 vulgo
1663 363 1726 401 di-

97 423 214 463 citur
242 425 271 469 ¹,
304 423 479 474 prefuit.
523 423 725 462 Lectores
768 423 907 462 nostri
952 423 1047 462 suis
1090 423 1324 474 discipulis
1367 425 1604 475 constipati
1653 439 1727 477 per

100 487 288 527 mediam
320 488 472 527 urbem
502 500 592 527 non
622 488 718 527 sine
750 488 1017 527 intuentium
1049 490 1091 528 et
1120 488 1414 528 admiratione
1460 492 1501 529 et
1545 491 1723 541 gaudio.

100 555 145 592 ut
176 552 416 592 eorundem
446 552 683 592 conciones
712 552 931 595 audirent.
965 553 1016 593 D.
1052 553 1274 593 Francisci
1310 554 1522 605 templum
1564 556 1727 606 petiue—

99 619 215 657 runt.
248 616 478 657 Generalis
520 617 658 657 totius
700 617 872 657 ordinis
915 618 1165 657 moderator
1195 630 1280 657 vna
1323 630 1422 658 cum
1467 620 1651 659 caeteris
1681 632 1727 660 se

100 682 228 721 nobis
259 682 434 733 prebuit
463 682 729 722 studiosum.
765 683 883 721 Inter
912 683 1000 722 alia
1032 683 1102 733 pia
1135 684 1310 734 negotia
1349 696 1462 735 quae
1493 685 1538 725 P.
1571 685 1728 724 Rector

96 749 138 786 et
168 747 327 786 caeteri
358 759 507 798 gesere
539 747 706 793 Patres,
733 759 866 786 vnum
897 747 941 786 id
972 747 1151 787 silentio
1182 760 1271 787 non
1302 749 1536 799 preteribo,
1559 762 1647 801 quo
1673 751 1727 789 ad

96 812 379 851 concordiam
410 814 451 851 et
482 812 617 851 vitain
650 812 902 852 vnanimem
934 818 972 859 (a
1004 825 1092 863 qua
1122 814 1253 864 longe
1291 814 1490 861 aberant)
1523 815 1726 855 maritum

96 877 317 926 quendam
346 879 388 916 et
418 889 598 916 uxorem
622 877 899 928 redegerunt.
924 877 1008 927 Qui
1032 880 1097 927 (ut
1127 880 1226 928 pote
1246 878 1411 918 diuites
1432 882 1474 918 et
1502 880 1725 929 honorati)

95 941 251 980 cadere
280 941 491 992 opinione¹
522 944 737 992 poterant,
761 944 802 981 et
832 943 878 982 in
908 954 1015 982 suae
1046 942 1187 982 famae
1218 944 1366 983 venire
1396 945 1724 985 detrimentum.

100 1007 344 1054 Praeterea,
376 1007 590 1046 suadente
619 1008 812 1058 quodam
844 1008 972 1047 Patre
1003 1010 1170 1051 nostro,
1202 1011 1406 1048 matrona
1449 1021 1621 1049 summe
1657 1022 1729 1061 po—

96 1074 196 1111 tens
226 1071 472 1111 mirandam
506 1072 693 1111 vestium
716 1072 860 1111 effecit
891 1073 1198 1116 mutationem,
1221 1086 1378 1113 aurum
1400 1082 1433 1120 ἃ,
1463 1075 1726 1125 holoserica,

96 1139 139 1176 et
178 1137 462 1176 versicoloria
498 1137 759 1177 vestimenta
803 1138 1045 1188 deponens,
1090 1138 1303 1188 maritumv
1345 1141 1392 1179 ut
1435 1139 1480 1178 id
1524 1141 1729 1190 probaret

98 1202 362 1242 inducendo.
396 1202 494 1242 Fuit
524 1202 593 1241 vir
621 1203 697 1253 qui
730 1203 869 1242 multo
900 1205 1094 1253 tempore
1125 1205 1289 1253 (annus
1318 1205 1436 1244 enim
1467 1217 1566 1244 cum
1601 1205 1730 1245 dimi-

96 1267 171 1305 dio
205 1267 432 1316 efluxerat)
465 1267 603 1318 patris
646 1270 933 1318 conspectum
976 1268 1188 1316 euitabat‚
1221 1269 1325 1313 imo,
1357 1272 1399 1309 et
1441 1270 1588 1309 cuiuis
1632 1270 1726 1322 [sic]

97 1332 327 1371 domestici
359 1332 545 1380 <veritus
589 1345 643 1372 ne
687 1333 725 1372 is
770 1333 839 1372 Pr.
873 1335 1003 1377 esset.
1035 1345 1165 1385 quem
1205 1334 1404 1384 timebat)
1446 1335 1729 1375 rennuebatb

96 1397 262 1436 obiare.
295 1396 379 1437 Sed
409 1409 509 1437 cum
541 1398 717 1437 tandem
748 1398 787 1437 ei
809 1406 823 1424 ί·
856 1401 977 1449 pater
1010 1400 1529 1447 occurisset‚,lachrimis
1571 1403 1613 1440 et
1655 1414 1729 1453 ge-

98 1462 283 1502 mitibus
312 1465 379 1502 est
409 1463 638 1514 loquutus.
671 1463 787 1503 vitae
824 1466 926 1503 ante
969 1467 1091 1504 actae
1135 1465 1295 1505 ductus
1329 1466 1616 1516 poenitentia,
1650 1467 1730 1506 Pa-

97 1529 206 1566 trem
237 1539 366 1567 suum
400 1527 535 1567 vitam
565 1539 615 1567 ac
645 1529 887 1568 remedium
909 1528 927 1554 <¹
949 1530 1224 1580 appellabat;
1258 1530 1408 1581 sicque
1434 1531 1552 1571 Deus
1582 1544 1730 1571 erran-

98 1594 183 1630 tem
214 1604 341 1632 ouem
375 1593 458 1632 hoc
488 1593 533 1632 in
565 1593 722 1633 itinere
751 1594 807 1633 ad
837 1606 883 1633 se
914 1594 1101 1635 reduxit.

176 1658 214 1697 5.
248 1658 473 1697 Multoties
504 1659 782 1708 parrochiam
813 1659 1051 1710 quamdam
1081 1660 1328 1699 doctrinam
1372 1662 1572 1701 canendo
1615 1663 1730 1702 inui-

97 1723 253 1770 simus,
288 1724 363 1763 ubi
394 1726 572 1774 propter
601 1724 736 1763 latam
769 1724 1019 1775 planiciem,
1053 1725 1225 1765 lusores
1264 1727 1429 1766 multos
1472 1727 1729 1768 inuenimus

96 1789 173 1840 qui
204 1789 406 1831 libenter.
452 1791 495 1828 vt
540 1801 622 1829 nos
667 1789 831 1837 vident,
864 1791 920 1829 ab
963 1791 1041 1829 illo
1085 1793 1257 1830 cessant
1303 1803 1456 1842 opere:
1490 1795 1531 1832 et
1561 1805 1674 1844 quae
1704 1806 1729 1833 a

98 1854 228 1894 nobis
248 1854 472 1896 dicuntur.
495 1857 660 1894 attente
689 1867 739 1894 ac
770 1856 983 1895 beneuole
1013 1856 1217 1896 audiunt.
1250 1857 1414 1897 Verum
1440 1870 1538 1897 cum
1561 1859 1728 1899 detrac-

98 1923 214 1959 tores
243 1932 334 1959 non
363 1919 523 1967 desint,
556 1920 632 1971 qui
664 1932 746 1959 nos
775 1923 1020 1968 exerceant.
1055 1921 1173 1961 velut
1216 1935 1373 1962 aurun]
1410 1923 1511 1974 igne
1542 1925 1730 1974 proban-

98 1988 176 2033 tes,
208 1985 344 2024 semel
373 1985 548 2030 accidit.
595 1987 641 2024 ut
686 1986 894 2025 Patribus
937 1987 1103 2026 nostris
1146 1988 1358 2038 templum
1404 1989 1597 2039 quodam
1634 1989 1727 2041 [sic]

98 2049 453 2100 ingredientibus
483 2050 537 2088 ad
568 2050 832 2089 extraendos
862 2062 1037 2101 pueros,
1061 2051 1134 2102 qui
1169 2064 1214 2091 se
1244 2052 1355 2092 inibi
1380 2054 1727 2097 occultauerant.

97 2115 302 2154 sacerdos
323 2115 502 2166 quidam
535 2115 581 2154 in
603 2115 711 2154 haec
733 2116 865 2155 verba
890 2119 1238 2167 prorrumperet:
1266 2133 1285 2151 «
1307 2130 1518 2169 quorsum
1542 2119 1627 2158 ista
1654 2120 1730 2170 hy-

98 2179 300 2230 pocrisis.
331 2180 402 2220 cui
432 2182 498 2219 est
531 2180 630 2220 usui
654 2188 669 2206 θ
700 2181 888 2220 mendax
919 2182 1178 2221 traducendi
1211 2195 1371 2233 pueros
1400 2186 1442 2223 et
1471 2184 1572 2224 ficta
1596 2185 1729 2224 deuo-

98 2244 190 2284 tio?
220 2245 459 2296 prestiterit
503 2246 651 2297 ocyari
682 2258 844 2297 pueros
873 2249 914 2286 et
944 2247 1135 2297 gaudere
1165 2264 1202 2287 ».
1239 2249 1386 2288 Nostri
1418 2250 1585 2293 Patres.
1618 2263 1730 2301 quas

97 2313 276 2361 posunt,
308 2311 498 2351 audiunt
527 2311 828 2359 confesiones3
863 2312 914 2351 ad
952 2312 1199 2353 audiendos
1230 2316 1377 2353 tamen
1407 2318 1625 2366 aegrotos.
1652 2318 1731 2355 fre-

96 2379 282 2427 quenter
311 2377 601 2417 aduocantur.

176 2442 214 2482 6.
246 2441 370 2492 Quod
403 2443 457 2482 ad
488 2442 739 2482 aedificium
769 2443 929 2483 domus
963 2444 1136 2491 attinet.
1169 2446 1335 2485 nostris
1374 2446 1686 2486 fundatoribus
1715 2448 1729 2469 ‘2

97 2507 214 2546 idem
245 2507 377 2547 durat
405 2507 586 2547 animus
616 2507 873 2547 inchoatum
905 2521 1017 2560 opus
1048 2509 1330 2561 fastigiandi;
1364 2511 1557 2551 maximo
1596 2512 1731 2551 sacel-

160 2650 178 2669 a
198 2642 341 2675 Prima
365 2643 439 2675 litt.
465 2653 489 2675 u
514 2644 610 2676 add.
634 2653 759 2684 supra
798 2653 896 2676 cers.
924 2663 964 2666 —
988 2645 1006 2671 b
1027 2645 1212 2677 Prinmm
1238 2656 1261 2677 n
1285 2647 1377 2679 aad.
1405 2656 1531 2688 snpra
1569 2656 1666 2679 cers.
1692 2666 1731 2669 —

97 2704 113 2722 c
136 2695 168 2728 is
193 2705 263 2729 ms.
296 2716 332 2718 —
358 2696 377 2723 d
397 2696 483 2738 Seq.
515 2697 539 2729 :2
565 2706 623 2729 cv.
647 2706 821 2738 prorsus
845 2698 1065 2730 obliterata.
1091 2718 1130 2721 —
1153 2707 1168 2723 Ρ
1190 2700 1214 2731 2
1245 2709 1460 2741 2·1·.straec.
1486 2700 1578 2732 add.
1604 2709 1728 2741 supra

99 2758 212 2783 vers..
239 2749 360 2782 deleto
383 2750 465 2781 alio
490 2750 615 2783 verbo.

160 2864 168 2881 ¹
194 2862 250 2895 Ab
274 2872 372 2896 anno
398 2865 479 2897 1559
503 2865 549 2897 ad
575 2866 656 2897 1565
679 2874 876 2907 supremus
900 2866 1108 2899 moderator
1131 2867 1170 2900 O.
1196 2867 1232 2900 F.
1258 2867 1303 2900 M.
1328 2868 1400 2900 fuit
1424 2868 1643 2899 Franciscus
1668 2867 1732 2899 Za-

99 2923 201 2948 mora
223 2916 267 2948 de
290 2916 449 2950 Cuenca.
475 2917 526 2951 Cf.
552 2918 781 2951 HOLzArFEL:
811 2918 1001 2951 Manuale
1026 2919 1230 2953 Historiae
1258 2920 1422 2953 Ordinis
1446 2920 1636 2952 Fratrum
1662 2921 1732 2952 mi-

100 2977 253 3002 norum.
273 2971 346 3003 621.

161 3023 173 3041 Β
198 3022 330 3055 Petrus
354 3023 548 3057 Cuadrado
572 3025 608 3057 et
632 3025 829 3058 Francisca
852 3024 1012 3067 Manjdn,
1037 3026 1120 3058 eius
1144 3036 1249 3059 uxor.
