2099 3516
414 261 482 296 3602
884 261 1088 297 LITTERAE
1115 260 1458 306 QUADmMESTREs

367 379 583 420 existimo.
628 379 791 419 Sumus
821 379 893 418 hic
934 378 1166 418 Societatis
1195 379 1295 429 plus
1325 378 1473 418 minus
1505 379 1570 426 402,
1601 391 1789 430 quorum
1819 391 1978 420 nouem

367 447 472 484 sunt
513 444 775 491 sacerdotes,
821 443 1020 494 magistri
1063 443 1224 483 artium
1270 444 1332 491 1‘2,
1364 444 1637 483 baccalaurei
1681 456 1780 484 sex:
1820 446 1976 485 caeteri

368 521 469 549 vero
498 509 677 559 linguae
720 511 812 548 tum
842 508 1021 555 latinae,
1053 510 1146 547 tum
1176 509 1307 547 etiam
1347 520 1527 558 graecae
1557 509 1624 548 vel
1654 510 1785 549 rebus
1814 510 1979 549 domes-

366 573 465 613 ticis
506 585 632 612 suam
662 584 839 624 operam
869 572 1144 622 impendunt.
1185 572 1347 612 Omnes
1376 584 1548 612 summo
1590 573 1668 612 Dei
1700 574 1909 613 beneficio
1938 576 1978 614 et

365 649 545 688 corpore
573 639 615 676 et
643 637 793 676 animo
836 638 948 676 recte
980 636 1140 683 valent,
1173 639 1343 687 praeter
1380 637 1429 676 R.
1462 637 1576 676 Prm.
1609 637 1664 676 M.
1698 637 1978 677 Franciscum
2009 636 2017 644 '

366 702 663 748 Hemerolum,
695 701 787 752 qui,
819 704 1073 751 antegressa
1115 701 1284 752 hyeme,
1316 703 1534 752 quartana
1576 701 1685 740 febri
1729 702 1976 750 laborauit3

363 779 493 818 quem
524 769 670 806 tamen
701 765 944 805 valetudini
988 766 1214 816 pristinae,
1245 766 1363 816 quod
1393 777 1491 805 aere
1520 766 1663 816 patrio
1701 766 1886 814 fruatur,
1919 779 1979 807 re-

365 832 568 871 stitutum
599 831 868 870 arbitramur
897 832 925 869 ¹.

443 896 482 936 02.
515 895 738 946 Superiori
769 895 1106 945 quadragesima
1138 894 1445 945 philosophiae
1479 906 1656 934 cursum
1686 895 1976 942 absoluimus,

364 974 416 1001 ex
445 972 533 1012 quo
562 962 763 999 nostrum
793 960 1073 1010 gymnasium
1094 960 1145 998 025
1166 959 1324 998 artium
1359 959 1592 1010 magistros
1623 960 1842 1010 produxit,
1866 960 1980 1000 inter

362 1038 475 1078 quos
504 1025 735 1065 Societatis
763 1026 888 1063 erant
916 1024 1162 1069 duodecim,
1194 1024 1493 1063 adolescentes
1535 1024 1711 1074 quidem
1742 1025 1979 1076 praeclaris

363 1091 542 1131 dotibus
583 1089 744 1140 ornatj,
775 1090 817 1128 et
845 1089 898 1127 ad
943 1089 1128 1127 salutem
1175 1088 1361 1138 proximi
1408 1089 1731 1138 propagandam
1777 1089 1885 1128 satis
1915 1089 1980 1128 in-

362 1155 545 1206 dustrij;
578 1154 681 1193 item
711 1153 869 1193 artium
902 1153 1032 1192 etiam
1077 1153 1385 1192 baccalaureos
1426 1153 1491 1199 27,
1533 1153 1578 1192 in
1617 1153 1780 1203 quibus
1823 1165 1898 1193 sex
1927 1166 1979 1194 ex

362 1220 528 1260 nostris
558 1219 768 1258 fratribus
810 1220 935 1256 erant
964 1217 1106 1256 bonae
1136 1217 1300 1256 indolis
1329 1219 1370 1256 et
1408 1217 1591 1268 ingenij.
1624 1217 1680 1256 Hi
1712 1229 1840 1268 porro
1870 1219 1980 1258 tales

362 1285 409 1324 in
439 1283 654 1330 examine,
677 1284 808 1333 atque
830 1283 893 1331 (ut
915 1281 986 1320 hic
1007 1281 1245 1331 loquimur)
1269 1281 1523 1328 tentamine,
1547 1293 1642 1320 sese
1666 1281 1976 1326 exhibuerunt,

363 1352 407 1388 vt
437 1360 540 1399 prae
569 1348 758 1387 aliorum
801 1346 1087 1396 collegiorum
1118 1345 1331 1385 studiosis
1371 1357 1577 1396 magnam
1616 1346 1788 1385 laudem
1820 1349 1861 1386 et
1890 1347 1978 1397 glo-

363 1413 489 1457 riam,
522 1412 654 1462 idque
697 1423 786 1450 non
816 1423 839 1449 a
871 1410 1036 1449 nostris
1067 1411 1210 1457 modo,
1244 1422 1393 1449 verum
1434 1409 1567 1449 etiam
1596 1411 1651 1449 ab
1681 1410 1783 1461 alijS
1816 1412 1979 1461 profes-

361 1478 552 1523 soribus,
585 1476 675 1515 sint
703 1475 942 1525 consecutj.
976 1474 1131 1514 Studia
1161 1487 1243 1513 sua
1272 1475 1333 1513 ita
1363 1478 1702 1525 persequuntur,
1734 1478 1780 1514 vt
1809 1488 1980 1527 semper

362 1543 451 1582 sint
472 1553 577 1581 suae
600 1540 844 1580 vocationis
865 1551 1091 1587 memores,
1114 1551 1164 1578 ac
1184 1539 1465 1590 perfectionis
1485 1541 1833 1590 consequendae.
1857 1541 1979 1581 Adeo

363 1608 422 1658 pij
454 1608 573 1653 sunt,
598 1605 798 1656 modestj,
821 1604 1122 1655 charitateque
1143 1604 1382 1654 coniunctj,
1407 1606 1452 1642 vt
1473 1604 1687 1644 mirentur
1707 1605 1903 1656 plerique
1933 1606 1979 1645 in

362 1672 602 1711 iuuenibus
632 1672 799 1709 tantam
830 1669 1079 1708 animorum
1109 1668 1479 1707 coniunctionem.
1527 1669 1576 1707 In
1606 1669 1856 1708 obedientia
1885 1682 1980 1710 exe-

361 1737 551 1788 quenda,
583 1738 621 1774 et
654 1735 843 1785 prompti
875 1736 980 1773 sunt
1009 1736 1050 1772 et
1079 1734 1260 1772 alacres.
1293 1733 1379 1772 Nec
1409 1734 1539 1772 etiam
1571 1736 1777 1773 verentur
1805 1737 1881 1774 aut
1909 1747 1980 1774 ex-

361 1802 637 1847 horrescunt,
660 1800 697 1838 si
728 1811 840 1850 quae
870 1798 1025 1849 grauia
1055 1798 1367 1848 imponantur:
1400 1798 1488 1836 imo
1517 1801 1671 1848 sponte
1701 1798 1977 1849 Superiorem

361 1866 539 1911 adeunt,
571 1866 626 1903 ab
655 1876 706 1903 eo
750 1863 1044 1914 poenitentias
1087 1862 1337 1913 expetiturj.
1370 1863 1534 1912 quibus
1570 1863 1727 1913 partim
1758 1864 1977 1915 negligen-

361 1931 447 1970 tiae
476 1932 641 1976 notam,
673 1929 709 1967 si
740 1940 873 1979 quam
904 1927 1412 1975 incurrerint,*deleant3
1455 1927 1613 1977 partim
1644 1928 1775 1966 etiam
1810 1929 1863 1967 ad
1895 1941 1979 1968 ma-

361 1995 453 2034 iora
484 1994 765 2033 contendant.
814 1993 863 2031 In
895 1992 1146 2043 regularum
1187 1992 1511 2037 obseruatione,
1543 2004 1655 2042 quae
1694 1992 1871 2042 saepius
1909 2005 1978 2032 ex-

361 2059 595 2109 plicantur,
627 2059 731 2097 sunt
769 2057 940 2096 saeduli
970 2058 1012 2095 et
1041 2057 1288 2107 diligentes.
1320 2056 1369 2094 In
1400 2056 1509 2095 festo
1540 2056 1752 2107 Deiparae
1782 2057 1978 2108 Virginis

361 2124 522 2163 Mariae
565 2123 711 2162 denuo
741 2124 839 2160 Vota
872 2121 1037 2170 singuli
1082 2121 1370 2168 innouarunt,
1403 2132 1491 2159 non
1522 2121 1688 2171 absque
1719 2133 1877 2172 magno
1906 2134 1978 2161 cu-

361 2188 518 2238 iusque
547 2186 867 2226 consolationis
899 2186 1183 2224 incremento.

439 2253 477 2292 3.
507 2253 563 2292 Vt
593 2254 739 2290 autem
769 2252 821 2290 de
842 2250 1146 2296 concionibus,
1170 2262 1282 2301 quae
1311 2253 1468 2289 octauo
1498 2262 1672 2301 quoque
1701 2250 1771 2289 die
1800 2253 1841 2290 et
1870 2251 1978 2290 trae-

359 2317 569 2368 quentius
597 2316 786 2355 subinde
817 2316 861 2354 in
892 2327 1065 2354 summo
1110 2315 1271 2364 templo
1300 2326 1324 2353 a
1355 2313 1451 2353 Β.ᾱο
1482 2315 1529 2354 Ρ.
1561 2315 1611 2353 D.
1645 2314 1835 2354 Henrico
1877 2315 1977 2354 Dio-

360 2382 489 2433 nysio
518 2382 645 2428 fiunt,
668 2380 838 2431 aliquid
869 2380 1027 2427 dicam,
1052 2381 1171 2418 tanta
1194 2381 1260 2418 est
1288 2379 1333 2417 in
1356 2379 1411 2430 ijs
1441 2379 1671 2418 hominum
1703 2379 1978 2430 fraequentia

360 2449 404 2485 vt
434 2446 633 2497 plerique
662 2457 749 2484 non
782 2446 1016 2483 vereantur
1045 2443 1259 2482 affirmare
1303 2443 1450 2494 plures
1480 2443 1705 2489 interesse,
1736 2456 1867 2494 quam
1897 2444 1977 2483 ho-

361 2511 530 2550 minum
573 2512 764 2560 quatuor
806 2509 943 2549 milia.
988 2508 1098 2547 Nam
1128 2520 1227 2547 cum
1270 2520 1360 2547 non
1403 2508 1685 2557 euangelium
1724 2508 1867 2556 modo,
1900 2509 1976 2548 sed

359 2575 491 2614 etiam
521 2574 839 2614 catechismum
870 2573 1072 2623 explicet,
1106 2585 1258 2612 omnes
1281 2574 1530 2619 accurrunt,
1552 2574 1594 2611 et
1614 2572 1669 2611 ad
1691 2572 1813 2612 illius
1842 2573 1977 2623 expli-

359 2640 575 2679 cationem
606 2639 798 2689 quodam
829 2638 978 2677 studio
1010 2638 1225 2684 feruntur,
1265 2649 1353 2688 qua
1382 2649 1472 2675 non
1502 2649 1656 2687 parum
1688 2637 1975 2676 imbecillium

359 2704 497 2743 animi
542 2704 744 2754 (quorum
790 2703 919 2753 longe
962 2702 1202 2741 maximum
1247 2713 1479 2741 numerum
1522 2701 1566 2740 in
1615 2701 1687 2740 his
1716 2701 1976 2741 Germaniae

421 2870 431 2886 ¹
455 2868 491 2900 P.
517 2867 732 2899 Hemerolus
767 2866 1013 2907 (Homerolus‚
1048 2866 1251 2899 Emerulus.
1288 2865 1542 2905 Dachverlies)
1576 2866 1680 2897 ortus
1716 2867 1796 2898 erat
1824 2866 1862 2897 in
1885 2865 1976 2898 urbe

359 2921 588 2952 Buscoducis
610 2920 878 2961 (Bois-le-Du03
905 2919 934 2950 ’s
950 2918 1291 2960 Hertogenbosch);
1310 2918 1369 2950 die
1391 2919 1431 2950 28
1454 2918 1539 2950 Iulii
1556 2918 1678 2950 adhuc
1700 2919 1740 2950 in
1755 2918 1877 2959 patria
1899 2927 1976 2950 ver-

359 2973 534 3012 sabatur;
559 2973 629 3004 sub
652 2972 760 3005 finem
784 2981 869 3004 vero
892 2972 1030 3004 mensis
1046 2971 1208 3012 Augusti
1231 2971 1305 3003 iam
1321 2970 1474 3003 Colonia
1496 2971 1723 3012 Moguntiam
1746 2971 1883 3003 missus
1905 2971 1975 3005 est.

361 3026 412 3059 Cf.
437 3026 599 3065 HANsEN,
626 3026 648 3058 l.
673 3035 717 3065 c.‚
741 3026 813 3065 395,
838 3026 965 3057 annot.
988 3025 1030 3063 4;
1054 3025 1126 3064 399,
1157 3025 1284 3057 annot.
1308 3024 1338 3057 2.
