2099 3516
459 254 539 290 570.
567 275 611 279 —
637 253 879 289 VINDOBONA
907 253 924 288 1
954 252 1210 288 SEPTEMBRJS
1238 251 1325 287 1561
1593 251 1662 287 503

81 386 135 414 ex
177 385 320 425 aequo
363 372 687 412 distribuendo.
721 373 991 417 Perstamus,
1022 370 1113 410 Deo
1156 369 1270 417 laus,
1302 381 1352 408 ea
1396 369 1442 408 in
1485 381 1530 408 re
1573 368 1709 407 alacri

81 438 256 485 301111ος
290 449 370 477 nec
390 439 456 477 est
475 449 582 477 sane
615 437 746 484 vllus,
777 436 895 487 quod
917 435 1069 483 sciam,
1092 434 1169 486 qui
1199 446 1289 473 non
1319 434 1508 473 libenter
1536 435 1710 483 tempus

81 516 109 543 a
138 504 189 544 R.
224 504 270 544 P.
304 503 352 543 T.
386 502 516 542 nobis
546 503 627 542 hac
658 502 703 542 in
734 514 778 542 re
808 500 1129 552 praescriptum
1159 499 1205 538 in
1235 499 1415 550 longius
1443 499 1589 537 adhuc
1620 509 1712 548 pro-

81 569 199 608 trahi
240 569 476 619 pateretur,
508 567 547 607 si
578 567 623 607 id
652 568 713 607 ita
747 566 841 606 fieri
879 565 1121 605 necessitas
1159 564 1308 615 aliqua
1352 575 1458 603 casu
1501 563 1707 614 exigeret.

80 633 341 683 Sequuntur
370 632 558 683 vestigia
588 634 741 672 nostra
769 632 852 671 hac
881 630 927 669 in
958 632 1095 681 parte,
1127 642 1152 669 a
1181 630 1313 679 longe
1341 628 1536 680 quidem,
1564 630 1604 667 et
1625 628 1712 667 col-

82 697 234 748 legiati
264 697 372 737 noui
402 697 575 748 0011031]
603 699 645 737 et
665 696 964 742 conuictores;
997 697 1176 746 tyrones
1207 705 1309 733 vero
1338 693 1480 732 nostri
1510 692 1708 743 propius.

162 762 227 802 25.
263 761 477 802 Consulto
506 762 736 814 desyderia
756 760 1037 812 quorundam
1058 771 1162 810 erga
1183 758 1493 799 meditationes
1518 760 1709 804 nostras,

82 827 249 878 quibus
278 840 302 866 a
332 827 463 867 nobis
493 827 684 867 exerceri
713 834 732 852 a
767 827 987 877 petebant,
1019 825 1199 865 silentio
1246 835 1364 864 nunc
1407 822 1618 874 temporis
1648 822 1714 861 in-

85 892 343 933 uoluuntur.

163 958 227 997 ²26.
261 958 515 1009 Composita
546 970 650 1009 pace
679 958 794 996 inter
821 956 933 996 duas
954 956 1166 995 honestas
1187 956 1428 999 matronas,
1451 965 1564 1005 quae
1585 952 1712 1003 graui

82 1023 272 1063 dissidio
319 1023 580 1075 aliquandiu
631 1022 820 1062 inuicem
870 1022 1140 1069 exarserant,
1190 1020 1235 1059 id
1264 1031 1421 1059 sumus
1450 1017 1713 1069 consequuti

83 1089 228 1140 gratia
256 1089 428 1137 diuina,
461 1091 510 1129 ut
538 1091 697 1128 octauo
726 1098 902 1139 quoque
932 1086 1002 1125 die
1033 1086 1119 1125 iam
1150 1097 1260 1136 pure
1289 1085 1342 1124 de
1389 1084 1579 1135 peccatis
1609 1095 1714 1122 con-

84 1155 308 1203 fiteantur,
340 1166 390 1193 ac
419 1154 475 1193 ad
504 1166 674 1194 sacram
706 1164 900 1192 mensam
933 1151 1111 1191 Domini
1143 1150 1400 1190 accedentes
1434 1150 1710 1189 roborentur.

164 1220 229 1259 27.
264 1219 515 1259 inciderant
544 1219 754 1270 primates
775 1217 958 1268 quidam
979 1217 1026 1255 in
1047 1215 1471 1267 periculosissimam
1489 1214 1714 1265 quandam

84 1285 337 1325 animorum
367 1285 711 1332 contentionem,
743 1283 845 1323 odio
875 1282 1066 1334 quodam
1117 1282 1293 1332 plenam
1323 1282 1455 1331 atque
1485 1280 1642 1327 liuore,
1674 1281 1716 1318 et

85 1362 171 1401 que
199 1350 333 1401 longo
363 1352 558 1401 tempore
587 1349 879 1401 pluribusque
900 1347 1227 1393 occasionibus,
1250 1358 1325 1385 eas
1346 1345 1507 1385 iecerat
1528 1344 1713 1391 radices,

86 1417 135 1455 ut
155 1415 437 1465 desperatum
467 1417 581 1455 esset
611 1415 699 1454 fere
729 1414 782 1453 de
811 1425 963 1453 eorum
995 1412 1349 1452 recontiliatione
1380 1410 1488 1463 [sic].
1514 1410 1565 1449 Et
1598 1410 1717 1449 vide-

86 1482 250 1520 bantur
278 1481 500 1532 siquidem
530 1492 688 1532 graues
718 1480 827 1519 satis
858 1479 1127 1518 intercedere
1156 1489 1331 1525 causae,
1381 1489 1458 1516 cur
1501 1476 1620 1527 apud
1650 1488 1717 1515 sa-

87 1547 258 1597 pientes
288 1547 436 1595 hocce,
469 1547 522 1586 de
550 1558 610 1594 re,
643 1547 757 1585 esset
796 1544 1028 1584 iudicium.
1079 1543 1253 1583 Placuit
1299 1545 1446 1582 tamen
1496 1541 1717 1581 maiestati

86 1612 283 1661 diuinae,
315 1615 364 1652 ut
393 1613 575 1664 quidam
604 1624 627 1652 e
656 1611 822 1651 nostris
853 1610 1083 1661 Vtriusque
1112 1611 1260 1649 motus
1289 1609 1464 1648 animae
1495 1608 1615 1648 facili
1645 1620 1718 1647 ne-

85 1678 208 1729 gotio
238 1680 514 1729 temperaret,
546 1689 595 1717 ac
624 1677 680 1717 ad
709 1678 905 1728 optatam
935 1675 1218 1715 concordiam
1248 1675 1488 1714 reduceret.

165 1743 230 1783 ³28.
264 1743 469 1783 Carceres
498 1755 618 1783 more
647 1742 779 1782 solito
827 1753 877 1781 ac
915 1740 1192 1780 xenodochia
1240 1740 1452 1780 uisuntur
1481 1752 1506 1779 a
1535 1739 1715 1786 nostris,

88 1809 382 1860 pluribusque
412 1808 556 1847 modis
586 1807 813 1848 iuuantur.
846 1806 1143 1856 Quamobrem
1174 1807 1220 1845 ut
1251 1807 1356 1845 sunt
1389 1804 1553 1855 oppido
1583 1816 1718 1855 quam

86 1875 213 1925 grata
233 1873 442 1912 omnibus
473 1874 725 1912 nostrorum
756 1871 950 1911 istehaec
972 1869 1065 1923 [sic]
1088 1870 1249 1917 officia,
1273 1870 1336 1910 ita
1358 1870 1403 1909 in
1425 1881 1521 1909 eam
1542 1880 1718 1920 quoque

87 1951 212 1990 spem
242 1941 462 1979 uenerunt
505 1938 751 1978 afflictatim
794 1937 861 1977 illi
906 1937 1071 1984 miseri,
1121 1938 1184 1985 ut,
1218 1936 1393 1975 tametsi
1424 1936 1479 1974 ab
1509 1934 1720 1974 omnibus

80 2005 448 2051 destituerentur,
481 2016 569 2043 non
600 2004 803 2043 dubitent
831 2005 996 2048 tamen,
1027 2002 1137 2053 quin
1168 2001 1375 2041 maximis
1405 2001 1452 2040 in
1481 2000 1577 2040 suis
1607 2000 1721 2039 cala—

87 2070 321 2110 mitatibus
351 2070 441 2109 sint
471 2069 589 2121 apud
622 2071 799 2108 nostros
845 2068 1027 2108 alteram
1078 2067 1237 2119 refugij
1288 2069 1455 2118 petram
1505 2065 1717 2105 habituri.

89 2135 217 2186 Quod
248 2135 323 2175 ubi
354 2136 572 2174 tentatum
601 2137 667 2174 est
696 2134 751 2173 ab
781 2133 873 2173 illis
903 2133 1046 2179 facile,
1080 2144 1169 2172 non
1199 2143 1295 2172 esse
1324 2144 1403 2172 cur
1440 2131 1645 2171 dubitent
1674 2130 1721 2169 in

89 2200 399 2241 huiuscemodi
442 2199 625 2250 auxiliis
667 2211 789 2250 spem
824 2199 1064 2250 quamdam
1112 2209 1208 2237 esse
1255 2196 1576 2243 collocandam,
1626 2197 1719 2235 tum

88 2266 209 2317 quod
239 2265 581 2317 propensionem
610 2264 749 2304 animi
778 2266 1034 2304 nostrorum
1064 2263 1120 2303 ad
1148 2263 1224 2314 pia
1252 2263 1360 2302 haec
1380 2262 1722 2302 exercitamenta

85 2342 244 2371 omnes
272 2332 510 2377 nouerunt,
542 2332 635 2369 tum
665 2329 871 2377 maxime,
903 2329 1023 2380 quod
1053 2328 1273 2368 neminem
1306 2328 1454 2375 lateat,
1477 2338 1612 2378 quam
1633 2326 1722 2365 sint

92 2396 358 2447 primatibus
388 2395 598 2435 omnibus
627 2394 919 2441 secularibus,
950 2393 1263 2434 ecclesiasticis
1297 2395 1429 2444 atque
1472 2392 1581 2431 adeo
1621 2390 1723 2431 Cae—

88 2461 181 2501 sari
211 2461 392 2501 domino
435 2462 588 2500 nostro
635 2460 996 2507 clementissimo,
1047 2459 1138 2510 regi
1188 2458 1455 2510 reginaeque
1485 2456 1724 2497 Bohemiae

89 2526 391 2566 serenissimis
421 2526 549 2577 grati.
583 2525 698 2565 Hinc
728 2537 882 2576 nuper,
914 2527 1155 2576 antequam
1185 2526 1326 2564 rector
1354 2525 1505 2563 noster
1533 2523 1579 2562 in
1601 2522 1724 2562 Hun-

83 2592 262 2643 gariam
293 2591 591 2638 descenderet,
623 2591 788 2630 factum
817 2593 898 2638 est,
930 2592 980 2630 ut
1008 2590 1080 2630 uir
1108 2589 1305 2641 quidam,
1355 2588 1484 2628 cuius
1529 2599 1639 2627 uxor
1667 2587 1724 2626 ob

91 2669 229 2709 graue
258 2657 481 2708 quoddam
511 2655 722 2695 delictum
751 2655 882 2706 aquis
911 2657 1004 2695 erat
1033 2654 1308 2701 suffocanda,
1331 2665 1431 2693 cum
1453 2666 1479 2692 a
1499 2651 1725 2704 primarijS

92 2722 347 2773 quibusque
377 2721 424 2761 in
454 2722 536 2761 hac
565 2721 669 2761 aula
701 2721 825 2768 uiris,
869 2732 983 2772 quos
1028 2719 1273 2771 plurimum
1312 2718 1647 2765 sollicitauerat,
1680 2716 1725 2755 id

91 2787 214 2839 quod
242 2787 455 2838 consequi
485 2786 706 2837 cupiebat,
738 2785 922 2825 minime
951 2785 1243 2833 obtinuisset;
1293 2784 1380 2824 huc
1428 2786 1640 2834 tanquam
1670 2781 1726 2821 ad

91 2864 280 2901 sacram,
329 2855 378 2892 ut
425 2852 512 2892 dici
560 2851 687 2899 solet,
736 2851 975 2891 anchoram
1016 2862 1286 2891 concursum
1315 2849 1490 2896 fecerat,
1522 2847 1726 2887 adductis

158 3027 176 3046 a
195 3027 363 3051 exercere
385 3028 457 3051 ms.
