2099 3516
383 252 452 287 502
857 251 1061 288 errERAE
1087 251 1432 295 QUADmMEsTREs

416 370 480 410 21.
514 370 747 410 lnstitutae
790 370 968 410 fuerunt
1010 369 1260 420 rogationes
1304 367 1349 406 in
1379 367 1542 417 templo
1572 368 1722 405 nostro
1752 366 1860 406 feria
1889 378 1953 407 se-

337 435 483 474 cunda
512 435 861 486 vniuscuiusque
890 434 1191 473 hebdomadae
1223 443 1349 470 mane
1379 442 1514 470 suasu
1546 430 1774 470 Rdissimi.
1806 430 1954 470 Cardi-

338 499 454 539 nalis
476 499 600 551 Hosij
626 512 702 550 pro
723 499 867 538 foelici
889 498 1088 549 auspicio
1109 500 1239 547 atque
1261 507 1495 546 progressu
1522 495 1740 545 generalis
1760 495 1952 546 concilij,

338 576 504 615 proque
542 565 878 603 conseruatione
916 563 1052 602 totius
1087 561 1304 600 Ecclesiae
1342 559 1599 607 catholicae,
1630 571 1680 599 ac
1708 571 1858 599 eorum
1890 571 1953 598 re-

338 629 545 668 ductione
575 629 629 668 ad
659 630 841 667 matrem
871 630 1084 674 nostram,
1116 626 1191 677 qui
1225 625 1379 663 misere
1409 636 1433 663 a
1463 623 1638 663 Christo
1659 624 1842 674 eiusque
1871 624 1955 663 fide

339 693 393 732 ad
424 693 582 732 sathan
613 705 663 732 ac
692 693 826 743 impia
858 692 980 731 illius
1009 692 1216 741 dogmata
1245 689 1511 728 defecerunt.
1554 688 1772 727 Exaudiat
1800 688 1955 727 diuina

340 758 517 797 bonitas
547 769 696 808 preces
725 757 963 797 humilium
995 768 1071 807 pro
1102 767 1146 794 re
1175 757 1298 793 tanta
1328 765 1525 794 suorum.

418 822 483 861 02‘2.
516 822 816 861 Decantantur
858 833 976 860 more
1018 820 1150 859 solito
1183 819 1388 864 letaniae,
1421 818 1535 856 intra
1578 817 1786 856 ecclesiae
1815 817 1956 856 ambi-

340 888 449 934 tum,
480 887 536 926 ab
579 887 934 926 adolescentibus
978 885 1083 925 noui
1127 883 1318 934 collegij,
1350 894 1462 933 quos
1504 882 1685 932 quidam
1728 893 1750 921 e
1792 881 1957 921 nostris

340 951 499 990 iuuant
528 953 659 1002 atque
680 951 891 1001 dirigunt.
918 950 1121 989 Interfuit
1143 949 1233 987 illis
1254 948 1438 998 ipsemet
1459 945 1629 986 Card.liS
1659 947 1798 993 R.¹1¹US,
1820 958 1958 997 quan—

340 1015 417 1055 diu
448 1016 520 1055 hic
549 1016 647 1064 fuit,
680 1027 879 1055 summae
922 1015 1152 1054 cuiusdam
1197 1012 1426 1063 religionis
1455 1024 1571 1062 ergo,
1607 1011 1882 1062 curauitque,
1914 1012 1959 1049 vt

341 1080 416 1131 alij
448 1081 577 1120 etiam
611 1081 795 1131 praelati
826 1080 1102 1119 interessent.
1136 1078 1196 1117 Ea
1226 1089 1327 1116 vero
1358 1077 1441 1116 fuit
1485 1076 1620 1115 huius
1658 1076 1799 1114 nostri
1827 1074 1955 1125 officij

341 1145 496 1195 pietas,
527 1145 695 1195 opinio,
727 1147 858 1195 atque
901 1144 1119 1183 sententia
1164 1141 1497 1193 praememorati
1542 1139 1639 1180 Rmi
1685 1139 1881 1186 Card.¹iS,
1913 1141 1959 1178 vt

341 1210 516 1260 publice
545 1210 728 1249 diceret:
761 1210 868 1249 Ecce
897 1208 1224 1260 quamprimum
1248 1218 1328 1246 uos
1357 1205 1594 1245 laetaniam
1614 1204 1836 1255 coepistis,
1859 1215 1960 1243 con-

341 1274 430 1325 cilij
463 1274 706 1325 oecumenij
752 1286 900 1319 causa,
931 1274 1178 1318 decantare,
1211 1270 1361 1309 omnia
1394 1271 1633 1320 coeperunt
1660 1270 1777 1308 recto
1806 1268 1960 1307 ordine

341 1338 597 1389 procedere3
630 1340 821 1389 suntque
850 1338 1036 1377 vbertim
1068 1336 1197 1375 nobis
1230 1335 1422 1386 Vndique
1466 1334 1632 1385 optima
1662 1334 1795 1372 allata
1826 1344 1956 1372 noua.

342 1403 483 1442 Tanta
513 1416 617 1442 uero
648 1403 807 1454 pietate
837 1402 1095 1442 Societatem
1133 1403 1344 1443 nostram,
1378 1411 1546 1450 nosque
1588 1410 1741 1438 omnes
1784 1398 1959 1448 praesul

342 1468 414 1507 hic
457 1468 652 1518 optimus
700 1467 994 1518 prosequitur,
1032 1469 1080 1506 ut
1116 1465 1252 1517 hin[c]
1302 1464 1559 1503 Tridentum
1608 1463 1830 1502 discedere
1872 1473 1960 1501 non

342 1533 466 1584 prius
496 1533 702 1580 uoluerit,
733 1544 866 1583 qnam
909 1531 1144 1582 collegium
1187 1532 1388 1569 nostrum
1432 1529 1659 1575 inuiseret,
1691 1538 1888 1578 seseque,
1920 1529 1960 1566 et

343 1609 522 1637 causam
553 1597 782 1648 religionis
814 1597 1016 1647 precibus
1046 1596 1210 1634 nostris
1239 1594 1581 1634 commendaret.

422 1662 485 1702 023.
517 1661 703 1701 Excitati
735 1663 958 1712 praeterea
988 1660 1294 1710 rogationibus
1329 1658 1428 1698 istis
1470 1660 1684 1709 quantum
1716 1657 1846 1696 datur
1875 1656 1962 1695 col-

343 1727 437 1777 ligi,
470 1727 649 1765 fuerunt
691 1738 780 1765 non
812 1725 939 1776 pauci
971 1725 1248 1770 viennenses,
1280 1724 1355 1774 qui
1400 1725 1510 1762 forte
1554 1723 1654 1773 plus
1696 1733 1836 1772 aequo
1865 1721 1962 1760 dor-

343 1792 544 1830 mierant.
578 1790 881 1830 Cantabantur
910 1792 1038 1829 antea
1069 1789 1285 1828 laetaniae
1328 1788 1485 1827 diebus
1519 1787 1696 1838 quidem
1727 1785 1962 1826 dominicis

343 1858 386 1895 et
415 1856 553 1903 festis,
586 1858 684 1906 post
713 1867 942 1905 vesperas3
965 1854 1213 1893 sabbatinis
1236 1865 1337 1892 vero
1358 1855 1489 1903 atque
1510 1854 1763 1891 sanctorum
1795 1850 1962 1902 vigilijs

342 1923 444 1959 ante
482 1922 745 1959 nocturnam
787 1919 1098 1958 salutationem
1143 1918 1403 1969 angelicam,
1453 1917 1649 1956 eamdem
1689 1917 1745 1955 ob
1783 1926 1962 1955 causam

345 1985 593 2036 praecipue,
616 1984 733 2034 quod
754 1984 887 2023 etiam
908 1995 1012 2022 num
1037 1995 1125 2022 non
1146 1983 1241 2022 sine
1262 1984 1499 2033 augmento
1521 1981 1708 2020 feruoris
1732 1979 1963 2020 christiani

345 2050 496 2100 populi
526 2050 802 2089 obseruatur,
835 2049 914 2088 Sed
949 2051 1094 2087 tamen
1126 2048 1271 2087 visum
1306 2048 1388 2087 hoc
1417 2050 1612 2098 tempore
1642 2046 1725 2086 fuit
1754 2046 1861 2085 ΗΜ)
1891 2057 1963 2084 su-

346 2114 494 2164 perius
537 2113 653 2152 dicto
696 2113 855 2164 legato,
888 2125 938 2152 ac
981 2113 1031 2152 R.
1070 2113 1117 2151 P.
1150 2111 1432 2162 prouinciali,
1464 2111 1539 2162 qui
1585 2113 1690 2150 tunc
1733 2110 1843 2149 forte
1885 2121 1963 2160 pro

347 2190 465 2217 more
508 2178 773 2218 uisitaturus
815 2177 1052 2228 collegium
1095 2177 1177 2215 hoc
1220 2179 1421 2216 nostrum
1463 2176 1628 2222 aderat,
1661 2177 1704 2214 vt
1733 2174 1803 2214 die
1832 2174 1964 2213 lunae

346 2245 445 2294 post
475 2255 564 2282 rem
595 2255 781 2289 sacram,
813 2254 944 2293 quam
975 2242 1163 2281 studiosi
1194 2253 1347 2281 omnes
1388 2240 1527 2280 nostri
1558 2239 1731 2291 collegi]
1763 2239 1816 2279 de
1846 2249 1964 2278 more

345 2308 562 2359 quottidie
593 2307 813 2359 [audiunt]
835 2315 868 2355 ³¹,
900 2308 984 2346 1100
1026 2307 1141 2346 idem
1184 2307 1239 2345 ad
1282 2306 1551 2345 destinatum
1581 2305 1762 2356 aliquod
1792 2306 1965 2354 tempus

346 2372 515 2424 fiere[t].
560 2372 869 2422 Quamobrem,
914 2372 1052 2411 donec
1086 2371 1208 2411 aliud
1252 2371 1381 2410 nobis
1424 2371 1480 2410 ab
1522 2370 1673 2409 eodem
1704 2370 1751 2409 P.
1787 2368 1964 2419 prouin-

346 2438 448 2477 ciali
478 2437 766 2488 significetur,
797 2439 999 2476 sanctum
1030 2437 1112 2475 boc
1142 2436 1393 2475 institutum
1442 2435 1666 2474 mordicus
1708 2434 1961 2473 retinemus

425 2503 490 2542 224.
524 2502 617 2541 Hoc
650 2502 801 2541 eodem
846 2504 1039 2552 tempore
1082 2503 1222 2540 totum
1264 2500 1499 2551 collegium
1542 2500 1782 2538 viennense
1824 2497 1967 2548 coepit

347 2568 462 2607 inter
490 2567 690 2618 priuatos
720 2567 923 2618 parietes,
954 2567 1069 2605 circa
1099 2566 1242 2605 noctis
1272 2566 1426 2605 horam
1456 2567 1674 2612 octauam,
1697 2563 1963 2615 disciplinis,

348 2635 393 2672 vt
423 2634 598 2679 uocant,
630 2643 790 2682 corpus
820 2643 1054 2678 macerare,
1077 2643 1127 2670 ac
1157 2630 1363 2680 laetanijs
1392 2630 1576 2669 eandem
1606 2630 1662 2669 ob
1691 2640 1870 2669 causam
1890 2640 1966 2678 po-

347 2697 586 2743 tissimum,
612 2696 832 2747 ,religione
866 2708 915 2736 ac
949 2707 1132 2746 syncero
1175 2695 1333 2734 affectu
1377 2695 1583 2734 diuinum
1626 2693 1859 2740 auxilium,
1891 2704 1967 2743 per

349 2761 504 2801 merita
547 2763 589 2800 et
632 2760 993 2800 intercessionem
1036 2762 1306 2807 sanctorum,
1339 2759 1589 2810 implorare,
1621 2758 1665 2798 id
1699 2758 1817 2810 quod
1846 2758 1968 2797 labo-

348 2825 511 2865 riosius
528 2825 575 2864 in
595 2825 678 2864 hoc
698 2835 855 2875 genere
877 2823 1052 2874 pietatis
1074 2823 1264 2871 uidetur,
1288 2824 1334 2862 in
1351 2823 1554 2874 singulos
1574 2823 1767 2874 collegas
1791 2823 1966 2861 nostros

410 3009 428 3027 a
448 3001 528 3033 Hoc
550 3002 622 3032 aut
643 2999 774 3032 simile
796 2999 959 3032 verbum
981 2999 1236 3031 desideratur
1258 3000 1300 3031 in
1326 3009 1396 3032 ms.
