2099 3516
491 270 570 305 468.
599 291 640 295 -
668 269 851 306 COLONIA
880 269 923 304 10
950 269 1141 306 IANUARII
1170 269 1257 305 1561
1600 272 1641 305 '49

59 387 202 427 amice
232 387 347 427 inter
375 399 421 427 se
451 387 626 435 viuunt,
648 389 691 427 et
719 387 953 427 Societatis
982 387 1159 438 regulas
1188 389 1319 438 atque
1348 387 1690 427 constitutiones

62 464 140 503 pro
185 452 355 491 viribus
398 453 636 492 obseruare
679 452 898 492 nituntur.
936 451 1251 492 Obseruabunt
1292 453 1439 491 autem
1483 452 1689 503 deinceps

57 517 351 564 commodius,
383 517 596 568 quoniam
639 517 703 557 sic
744 517 904 557 domus
946 529 1097 557 eorum
1142 529 1167 556 a
1209 517 1412 568 collegio,
1444 517 1610 557 tabulis
1648 519 1689 556 et

62 581 210 622 ianuis
239 593 357 621 nunc
387 584 590 633 separata
619 584 699 630 est,
728 585 772 622 vt
801 582 1080 622 conuictores
1108 595 1133 621 a
1163 594 1208 622 se
1238 582 1470 622 excludere
1500 582 1686 632 possint.

62 646 217 687 Officia
247 649 470 698 praeterea
499 648 739 688 distributa
781 650 901 695 sunt,
932 650 975 687 et
1018 647 1220 687 minister
1261 647 1532 687 constitutus
1570 650 1635 686 est
1655 656 1687 686 ἃ.

61 715 291 762 Rogamus
322 715 470 752 autem
500 715 544 752 vt
573 714 862 764 singulorum
893 715 1144 764 officiorum
1164 714 1348 764 reyulas
1367 714 1420 752 R.
1450 714 1492 751 T.
1516 714 1691 752 mittere

66 778 179 817 velit.
215 778 332 817 Nam
378 779 475 817 licet
520 779 659 825 tarde,
692 791 929 829 speramus
974 780 1121 818 tamen
1165 779 1281 828 quod
1323 780 1475 817 omnia
1511 779 1690 817 tandem

60 843 163 881 bene
197 843 405 882 Coloniae
435 844 552 893 fient.
592 844 792 894 Diligens
822 846 941 883 enim
970 845 1024 882 P.
1057 844 1323 883 Leowarclus
1354 845 1364 866 1
1397 844 1460 882 est
1494 845 1533 881 et
1574 844 1691 882 m'hv’l

64 909 333 947 intentatum
364 909 594 959 relinquit.

139 972 177 1012 9..
211 972 348 1023 Spero
387 973 601 1023 paulatim
637 985 727 1012 non
773 974 900 1024 pauci
945 973 1049 1012 hinc
1091 973 1336 1013 mittentur.
1379 973 1433 1012 Μ.
1474 973 1690 1012 Joannem

60 1037 311 1077 Berkelium
342 1040 384 1077 et
414 1038 458 1077 F.
481 1039 693 1077 jacobum
725 1038 969 1078 Somalium
1000 1039 1183 1077 Romam
1209 1038 1263 1077 ad
1286 1038 1335 1078 V.
1360 1038 1410 1077 R.
1436 1037 1691 1088 peruenisse

58 1101 342 1143 confidimus,
393 1103 447 1142 M.
496 1103 744 1143 Balduinus
791 1111 954 1150 autem,
1005 1104 1059 1143 M.
1107 1103 1309 1142 Andreas
1356 1102 1605 1151 Boccatius,
1650 1105 1691 1141 et

64 1167 110 1206 P.
144 1167 346 1207 Andreas
378 1168 678 1208 Valkemburk
722 1171 764 1208 et
807 1169 861 1208 M.
904 1169 1114 1208 Nicolaus
1136 1166 1152 1191 ¹¹
1182 1170 1224 1208 et
1254 1169 1297 1209 F.
1326 1169 1519 1208 Jacobus
1562 1168 1690 1219 Tyla-

61 1244 146 1271 nus
177 1244 296 1272 nunc
326 1233 372 1272 in
403 1234 647 1273 treuerensi
677 1234 865 1285 collegio
899 1236 1039 1285 agunt
1067 1236 1096 1273 Β.
1130 1234 1182 1273 Et
1212 1236 1256 1273 vt
1286 1245 1531 1285 speramus.
1568 1233 1691 1273 dein-

59 1309 162 1348 ceps
192 1298 333 1337 multo
366 1299 513 1349 plures
543 1299 647 1339 hinc
677 1300 731 1339 ad
764 1300 812 1339 V.
838 1299 888 1338 R‘.
913 1302 954 1339 et
984 1300 1038 1339 ad
1069 1300 1157 1339 alia
1187 1299 1374 1350 collegia
1404 1299 1546 1338 ibunt.
1581 1298 1690 1337 Nam

60 1363 235 1402 circiter
256 1371 270 1389 ⁰
303 1364 350 1402 102
379 1376 431 1403 ex
463 1364 675 1405 fratribus
705 1368 806 1405 ante
838 1365 997 1404 testum
1030 1365 1192 1416 pasche
1235 1365 1281 1404 in
1324 1364 1562 1415 magistros
1598 1376 1693 1414 pro-

61 1429 382 1476 inouebuntur;
416 1429 602 1469 iuuenes
631 1430 810 1481 quidem
840 1433 959 1472 sunt.
992 1430 1067 1469 sed
1098 1430 1150 1469 ad
1184 1429 1416 1469 inferiores
1450 1429 1615 1468 classes
1646 1428 1691 1467 in

63 1493 214 1544 aliquo
244 1494 433 1545 collegio
464 1494 574 1534 forte
604 1495 741 1546 inepti
774 1508 863 1534 non
893 1498 1037 1543 erunt,
1069 1498 1111 1534 et
1143 1496 1256 1534 intra
1287 1506 1430 1534 annos
1460 1494 1690 1545 pauculos,

57 1558 194 1597 etiam
224 1559 279 1598 ad
309 1560 561 1610 superiores
590 1560 767 1600 scholas
796 1561 1116 1600 accommodati
1147 1561 1264 1601 fient.
1298 1561 1348 1600 R.
1373 1560 1423 1599 D.
1448 1560 1693 1600 Gaudanus

56 1624 177 1674 apud
210 1624 317 1663 R.‘¹¹¹¹
347 1625 602 1676 episcopum
634 1626 901 1665 leodiensem
936 1629 948 1649 ³
979 1628 1021 1666 et
1049 1626 1146 1666 eius
1176 1626 1354 1665 fratrem
1390 1625 1691 1665 marchionem

61 1688 324 1740 Bergensem
356 1693 369 1713 ⁴
401 1690 498 1733 fuit.
531 1693 572 1729 et
601 1691 890 1742 collegiorum
921 1691 1198 1731 louaniensis
1228 1693 1270 1731 et
1299 1690 1540 1731 leodiensis
1561 1702 1693 1741 nego·

60 1754 121 1793 tia
152 1755 307 1794 sedulo
337 1756 439 1807 egit.
471 1756 586 1796 RQ*
616 1756 851 1808 episcopus
882 1759 1022 1797 feruet
1050 1759 1092 1796 et
1122 1757 1300 1808 negotia
1329 1757 1437 1795 haec
1466 1756 1587 1795 cordi
1619 1755 1692 1794 ha-

61 1820 146 1859 bet.
172 1820 242 1860 Pr.
268 1820 513 1861 Gaudanus
543 1824 706 1865 autem.
730 1823 945 1873 paulatim
976 1823 1030 1862 ad
1062 1834 1247 1874 superos
1267 1822 1408 1862 tendit
1480 1822 1534 1861 M.
1560 1821 1693 1860 Fran-

60 1885 205 1925 ciscus
237 1886 500 1926 Hemerolus
530 1888 640 1927 febri
671 1890 890 1939 quartana
921 1888 1107 1933 laborat.
1132 1888 1291 1939 reliqui
1318 1888 1434 1935 (laus
1456 1887 1563 1932 Deo)
1594 1886 1691 1926 sani

60 1953 178 1990 sunt.
206 1951 275 1992 Pr.
300 1952 521 1992 Henricus
550 1953 794 2004 Dyonisius
823 1955 865 1992 et
894 1954 941 1993 P.
976 1953 1238 1993 Franciscus
1259 1952 1482 2000 Costems,
1506 1952 1548 1992 S.
1572 1952 1694 1991 theo-

61 2015 206 2067 logiae
251 2017 452 2057 doctores
495 2018 628 2057 creati
673 2021 800 2058 sunt:
834 2021 1040 2070 sumptus
1082 2031 1234 2058 eorum
1256 2018 1273 2044 d
1304 2018 1434 2058 amici
1466 2018 1689 2057 fecerunt:

57 2081 422 2133 archiepiscopus
453 2084 610 2125 bouem
641 2086 683 2123 et
712 2084 890 2124 doleum
923 2085 1014 2124 vini
1044 2085 1178 2124 dedit.
1208 2085 1276 2124 Ad
1307 2084 1543 2135 prandium
1566 2095 1693 2122 vene-

61 2150 165 2187 runt
194 2149 416 2192 consules.
441 2150 570 2189 multi
593 2150 793 2201 praelati.
817 2153 1059 2195 senatores.
1082 2151 1284 2190 doctores
1313 2152 1354 2190 et
1384 2149 1559 2189 honesti
1584 2148 1688 2189 viri:

62 2215 197 2263 atque
239 2214 389 2253 onmia
433 2227 529 2254 cum
576 2215 882 2255 aedificatione
926 2218 1149 2255 transacta
1179 2218 1297 2256 sunt.
1330 2215 1396 2255 Sit
1435 2215 1692 2254 benedictus

61 2277 292 2318 Dominus.
327 2279 376 2320 D.
409 2279 628 2320 Henricus
671 2281 812 2332 pergit
857 2281 901 2320 in
946 2293 1121 2321 summo
1155 2281 1319 2332 templo
1348 2280 1619 2323 concionari,
1652 2282 1690 2318 et

61 2343 156 2382 suis
185 2344 478 2385 concionibus
508 2345 750 2396 plurimum
782 2346 1051 2397 reipublicae
1081 2348 1122 2386 et
1153 2346 1256 2386 huic
1276 2346 1486 2386 ecclesiae
1507 2347 1690 2385 confert.

57 2409 346 2449 auditoribus
376 2410 421 2449 in
452 2411 547 2450 dies
581 2411 748 2462 gratior
776 2412 983 2452 creditur.

122 2565 138 2583 a
161 2557 217 2588 est
243 2566 367 2598 snpra
403 2567 505 2591 vers.
531 2558 764 2599 Sequuntur
796 2560 935 2600 aliqua
970 2560 1202 2592 cancellata.
1228 2569 1328 2600 quae
1362 2560 1514 2591 italicis
1548 2559 1693 2591 litteris

33 2616 35 2618 ·
63 2609 341 2650 equ-intimus.
367 2630 405 2632 —
430 2612 447 2637 b
471 2612 491 2643 7
517 2621 574 2644 rr.
594 2613 887 2653 praec.(1cldits1
913 2613 955 2644 ‘in
983 2623 1109 2654 mara.
1127 2632 1165 2635 ——
1190 2623 1203 2640 c
1225 2614 1363 2645 Praec.
1384 2623 1415 2645 ι’.
1434 2622 1557 2653 snpra
1580 2621 1691 2644 vers..

62 2662 183 2695 deleto
207 2664 315 2696 inter.
337 2683 376 2686 ——
399 2665 416 2691 d
439 2665 521 2697 Del.
547 2666 654 2698 amis.

129 2792 135 2807 ¹
163 2789 200 2820 P.
230 2789 444 2823 Leonardus
469 2791 596 2824 Kessel
621 2792 767 2833 collegii
793 2793 1117 2834 superintendens.

125 2845 136 2860 ²
159 2842 212 2875 Cf.
238 2843 383 2875 Lainii
406 2844 592 2877 Monam..
618 2845 660 2878 V.
685 2846 746 2877 370
772 2855 851 2887 sqq.

124 2898 136 2914 ³
158 2896 342 2928 Robertus
366 2897 410 2929 de
442 2898 614 2939 Berghes.

126 2951 137 2967 ⁴
161 2949 318 2982 Ioannes
342 2951 386 2982 de
413 2951 572 2993 Glymes.

126 3005 138 3022 ⁵
160 3003 296 3035 Iterum
333 3005 585 3037 valetudinem
622 3007 852 3048 recuperavit
888 3009 921 3039 et
961 3008 1054 3039 vixit
1088 3008 1133 3039 ad
1167 3008 1263 3040 diem
1299 3009 1335 3039 10
1362 3007 1575 3039 Novembris
1601 3008 1691 3038 1505.

65 3054 122 3087 Cf.
149 3055 380 3089 SAccmxim:
406 3057 609 3091 Historiae
634 3059 717 3091 Soc.
743 3060 834 3092 Iesu
859 3062 953 3102 part.
979 3061 1009 3094 3.
1036 3061 1098 3093 lib.
1125 3061 1150 3092 I.
1176 3070 1212 3093 n.
1236 3062 1287 3093 88.

138 3143 298 3172 Li'rTERAF.
320 3145 597 3179 QUADRIMESTRES.
620 3164 649 3166 ξ
672 3148 751 3174 Toni.
776 3148 842 3175 vll.
1610 3150 1622 3175 ἱ
