2099 3516
476 252 558 288 478.
589 274 633 277 —-
660 252 878 288 OLISIPONE
909 253 950 287 16
976 252 1169 288 IANUARII
1198 253 1280 287 1561
1603 256 1647 290 97

69 371 194 415 biles,
225 372 267 410 et
297 370 431 409 fortes
461 370 561 409 facti
593 372 697 410 sunt
727 370 773 409 in
804 370 920 409 bello
963 382 986 409 a
1032 370 1245 417 Domino,
1283 371 1466 420 aegroti.
1513 375 1550 410 et
1596 374 1693 412 sani

69 435 172 475 facti
202 437 329 482 sunt3
362 437 487 474 erant
517 435 719 482 subiecti,
751 437 793 474 et
823 435 950 474 liberi
981 435 1084 475 facti
1119 437 1247 476 sunt:
1279 437 1319 474 et
1352 437 1474 474 tanto
1519 436 1694 476 liberio-

64 511 149 545 res,
181 511 269 551 quo
299 499 442 551 magis
471 511 517 539 se
546 499 848 550 subijecerunt
878 512 956 550 pro
986 500 1091 539 Deo.
1124 499 1251 539 Nunc
1279 500 1568 550 experiuntur
1588 502 1694 552 quid

64 565 137 611 sit,
169 564 245 616 qui
275 576 321 604 se
351 564 574 608 humiliat,
606 564 897 612 exaltabit.ur;
945 576 1063 604 nunc
1106 564 1378 616 intelligunt,
1415 577 1547 616 quam
1580 567 1691 616 beatj

64 630 154 669 sint
184 641 399 681 pauperes
428 629 604 680 spiritu,
637 630 817 680 quando
847 629 1025 670 illorum
1047 632 1114 669 est
1135 641 1318 681 regnum
1345 630 1584 673 coelorum.
1608 644 1695 682 quo

64 695 195 734 modo
225 695 448 734 fruuntur.
482 694 608 734 Nunc
637 706 727 734 non
757 694 886 745 quasi
917 694 963 733 in
992 695 1137 745 specie
1179 696 1256 734 aut
1299 695 1548 746 aenigmate
1578 696 1695 746 aspi-

62 759 186 799 ciunt
215 761 381 811 quanta
413 759 468 799 sit
500 759 657 811 gloria,
681 761 899 811 quantum
932 760 1120 810 pondus,
1143 760 1287 799 honor
1315 762 1357 799 et
1386 759 1572 799 diuitiae
1596 761 1696 800 obe-

62 824 279 872 dientiae;
312 836 432 864 nunc
463 824 748 876 perspiciunt,
780 824 888 876 quid
918 824 976 864 sit
1004 824 1183 864 obedire
1226 827 1265 864 et
1310 837 1400 864 non
1430 825 1692 864 sacrificare.

63 889 349 929 Benedictum
393 889 451 929 sit
493 901 654 929 nomen
698 891 840 935 tuum,
872 889 1074 937 Domine,
1106 889 1184 941 qui
1228 889 1496 940 praeuenistj
1534 902 1610 929 eos
1650 890 1695 929 in

63 954 369 994 benedictione
398 954 648 994 dulcedinis
679 957 794 1001 tuae,
826 954 902 1006 qui
934 954 1253 994 laborauerunt
1282 966 1361 1005 pro
1391 954 1572 994 nomine
1602 957 1692 994 tuo.

61 1019 192 1069 Quid,
226 1019 427 1064 Domine,
460 1020 585 1070 prius
614 1032 748 1071 quam
778 1020 1009 1071 perficiant
1041 1031 1155 1071 opus
1188 1032 1319 1060 suum
1363 1019 1570 1071 operarij,
1607 1020 1694 1059 sol-

63 1084 134 1124 uis
164 1085 442 1124 mercedem?
472 1085 790 1125 Existimarant
819 1085 880 1135 hj,
910 1085 1112 1132 Domine,
1144 1085 1334 1125 multum
1370 1085 1515 1124 adhuc
1545 1096 1697 1135 super-

60 1161 156 1190 esse
186 1150 272 1189 sibi
304 1150 529 1201 temporis,
553 1162 641 1201 quo
671 1150 717 1190 in
748 1150 880 1190 uinea
911 1152 986 1190 tua
1017 1150 1295 1199 laborarent,
1328 1150 1451 1202 quid,
1489 1150 1692 1197 Domine,

61 1214 108 1254 in
138 1215 322 1255 meridie
352 1215 602 1255 inuentutis
631 1227 782 1255 eorum
814 1215 984 1255 uocasti
1015 1227 1106 1263 eos,
1130 1218 1178 1255 ut
1210 1215 1436 1255 solueres?
1466 1214 1693 1266 Nunquid,

60 1280 262 1328 Domine,
298 1280 416 1331 quod
451 1280 601 1320 animo
643 1280 896 1320 deciderent
939 1281 985 1320 in
1029 1281 1291 1320 laboribus?
1320 1280 1533 1332 Nunquid
1576 1280 1695 1331 quod

59 1345 311 1385 abundares
340 1345 585 1397 operariis?
616 1345 652 1385 N
657 1345 828 1397 unquid
849 1346 968 1397 quod
989 1348 1137 1386 essent
1158 1358 1318 1397 graues
1338 1345 1434 1385 suis
1454 1345 1695 1385 fratribus?

59 1410 192 1460 Quid,
223 1422 342 1462 ergo,
376 1411 594 1450 Domine?
623 1410 737 1461 Quia
767 1411 1015 1462 consumatj
1063 1411 1109 1451 in
1154 1411 1279 1451 breui
1322 1411 1556 1462 explerunt
1586 1412 1695 1449 tem-

60 1488 167 1527 pora
196 1476 360 1523 multa3
392 1476 581 1527 placitae
610 1476 728 1516 enim
758 1478 884 1516 erant
912 1476 1023 1516 mihi
1053 1476 1229 1516 animae
1259 1476 1439 1516 illorum
1469 1478 1496 1516 ¹.

137 1541 175 1582 5.
207 1541 477 1581 Exercentur
506 1541 663 1581 fratres
692 1541 876 1592 nouicij,
901 1544 949 1581 ut
978 1541 1139 1592 reliqui
1162 1553 1332 1589 omnes,
1356 1541 1403 1580 in
1424 1540 1691 1582 obedientia.

59 1606 360 1647 submissione
389 1606 548 1657 animj,
570 1606 785 1653 oratione,
810 1606 1111 1657 poenitentiis,
1135 1609 1183 1647 ut
1202 1618 1303 1646 cum
1333 1606 1499 1646 nostris
1521 1606 1692 1657 loquar.

59 1671 495 1720 mortificationibus,
528 1674 623 1711 tum
654 1671 698 1711 in
730 1671 982 1722 disciplinis
1003 1672 1195 1723 publicis
1225 1672 1270 1711 in
1301 1671 1576 1715 coenatione,
1599 1672 1693 1710 tum

60 1736 429 1788 particularibus,
462 1736 769 1776 conceduntur
798 1748 1106 1788 nonunquam,
1138 1749 1431 1788 nonunquam
1465 1735 1598 1775 etiam
1634 1735 1694 1775 ita

59 1804 283 1853 petuntur,
316 1804 364 1841 ut
394 1813 524 1853 saepe
544 1802 845 1841 necessarium
875 1801 933 1841 sit
963 1801 1169 1842 ministro
1189 1802 1382 1853 effugere
1412 1804 1453 1841 et
1482 1801 1691 1844 latebras,

57 1879 112 1907 ne
141 1866 414 1915 inueniatur,
446 1867 697 1917 exquirere;
731 1869 823 1907 tum
854 1867 968 1906 aliae
998 1870 1176 1918 propter
1205 1867 1459 1919 regularum
1486 1867 1694 1906 obserua-

57 1932 202 1972 tiones
230 1932 506 1977 tribuuntur,
529 1932 576 1971 in
605 1944 694 1983 quo
723 1944 813 1972 non
842 1932 1085 1972 mediocres
1106 1932 1277 1973 fructus
1297 1935 1446 1984 aperte
1467 1931 1689 1971 uidentur.

58 1997 273 2037 Nonnulli
303 1997 574 2037 comitantur
601 1998 929 2045 obsonatorem,
963 2000 1011 2038 ut
1046 1998 1234 2038 obsonia
1276 1998 1457 2037 domum
1503 1997 1693 2036 referant

58 2062 166 2113 ipsi,
199 2062 263 2102 sic
293 2064 566 2110 exercentur,
599 2065 646 2103 ut
689 2063 735 2102 in
779 2063 873 2103 dies
916 2063 1024 2102 fiant
1069 2063 1297 2111 fortiores;
1331 2062 1530 2114 plerique
1573 2061 1691 2101 enim

57 2130 162 2167 sunt
191 2139 243 2167 ex
274 2128 356 2167 hac
394 2128 504 2167 urbe
547 2128 742 2175 oriundi,
774 2128 868 2168 noti
889 2136 907 2154 a
940 2128 1212 2178 parentibus,
1246 2128 1473 2175 fratribus,
1505 2137 1692 2166 consan-

56 2192 232 2244 guineis
261 2195 303 2232 et
332 2193 511 2240 amicis;
546 2193 660 2232 vnde
689 2195 731 2233 et
760 2193 846 2233 sibi
872 2193 1011 2233 animi
1044 2193 1293 2233 libertatem
1314 2194 1626 2238 consecuntur,
1650 2193 1690 2230 et

57 2258 241 2309 reliquis
270 2258 436 2309 quibus
479 2258 574 2298 noti
619 2258 960 2298 admirationem
1003 2261 1045 2298 et
1088 2259 1367 2298 occasionem
1406 2259 1496 2297 Deo
1526 2256 1692 2308 gratias

56 2323 216 2374 agendi
261 2324 494 2375 praebent;
527 2326 568 2363 et
598 2324 644 2363 in
675 2324 934 2364 huiusmodi
978 2324 1202 2375 exercitijs
1245 2324 1407 2364 mirum
1451 2326 1516 2363 est
1558 2333 1691 2373 quam

56 2388 299 2428 liberaliter
328 2389 446 2428 Deus
478 2388 577 2440 Opt.
611 2390 722 2429 Max.
754 2389 942 2440 gratiam
985 2401 1113 2429 suam
1158 2389 1388 2431 infundat:
1436 2389 1689 2440 proponunt

56 2453 142 2493 sibi
172 2448 362 2501 labores,
395 2454 684 2506 ignominias,
715 2454 1003 2494 confusiones
1032 2466 1111 2505 pro
1138 2454 1302 2494 Christi
1332 2466 1504 2501 amore,
1538 2454 1691 2504 petunt

56 2518 140 2558 sibi
172 2518 353 2559 concedi
393 2519 648 2559 facultatem
695 2519 909 2570 propositj
956 2519 1237 2570 perficiendi:
1270 2519 1477 2559 nonnulli
1509 2517 1691 2569 perigri-

56 2586 210 2624 natum
242 2584 365 2624 missi
397 2587 517 2631 sunt,
549 2597 737 2636 quorum
770 2596 1003 2625 successus
1033 2585 1217 2637 longum
1247 2589 1362 2625 esset
1392 2597 1586 2626 narrare.

134 2650 174 2689 6.
209 2649 478 2690 Exercentur
506 2650 756 2690 sacerdotes
786 2650 922 2690 huius
951 2650 1111 2690 domus
1131 2651 1324 2691 diuersis
1354 2651 1400 2690 in
1432 2653 1577 2692 rebus.
1602 2664 1692 2692 non

56 2716 203 2754 tamen
233 2715 426 2754 diuersis
455 2715 511 2754 ab
541 2714 598 2765 ijs
626 2727 738 2766 quas
781 2715 891 2755 solet
937 2716 1142 2766 amplecti
1184 2719 1336 2756 nostra
1366 2716 1576 2758 Societas.
1619 2718 1692 2757 Est

117 2869 135 2888 a
156 2861 235 2893 nati
261 2870 332 2894 ms.

120 2987 132 3005 ¹
155 2985 309 3018 Gratum
334 2995 401 3018 nos
425 2986 553 3018 lectori
577 2985 740 3018 facturos
763 2987 994 3027 putavimus.
1020 2987 1051 3019 si
1076 2997 1097 3019 a
1120 2987 1297 3020 notandis
1330 2989 1385 3019 tot
1417 2987 1549 3020 Sacrae
1573 2987 1691 3029 Scrip-

58 3039 164 3071 turae
187 3039 278 3071 locis
302 3038 348 3071 ad
373 3048 466 3080 quos
492 3039 530 3071 in
554 3039 862 3080 praecedentibus
886 3039 925 3071 fit
950 3040 1096 3072 allusio.
1122 3040 1406 3072 abstineremus.

126 3127 291 3155 Ll‘r'rERAE
312 3128 590 3162 QuAanffls‘rREs.
611 3143 645 3147 —
664 3127 744 3155 Toni.
767 3127 833 3154 VII.
