2099 3516
531 281 611 318 628.
639 304 680 308 —
709 283 897 320 BONON1A
928 284 968 320 10
994 284 1222 321 FEBRUARII
1250 285 1341 321 15622
1660 285 1728 321 783

155 401 390 439 runtamen
425 412 507 439 uae
546 401 691 447 uobis,
723 403 935 453 quoniam
984 405 1108 443 tanto
1154 404 1304 443 donati
1354 416 1546 454 munere,
1595 404 1781 444 necdum

155 467 302 504 tamen
332 464 503 504 fructus
532 466 665 516 agitis
695 467 855 518 dignos
892 469 1202 518 poenitentiae.
1246 470 1484 520 Multisque
1524 469 1781 509 huiusmodi

156 529 305 569 uerbis
333 532 516 569 cunctos
547 530 592 569 in
623 532 691 570 sui
723 532 1059 573 admirationem
1092 535 1248 584 rapuit.

231 595 270 635 4.
301 594 352 634 R.
387 594 433 633 P.
479 596 699 645 generalis
730 597 773 635 in
805 597 995 653 Gal-liam
1027 611 1126 638 cum
1174 600 1280 639 R.¹¹¹0
1312 600 1456 650 legato
1499 600 1582 638 hac
1612 599 1782 650 profici-

153 671 280 699 scens
310 661 338 706 1,
373 660 537 710 praeter
584 672 715 710 quam
762 662 879 712 quod
919 674 1001 702 sua
1049 664 1296 713 praesentia
1340 676 1390 703 ac
1433 664 1621 715 priuatis
1648 664 1780 703 collo-

152 723 408 764 cutionibus
455 735 655 763 summae
704 727 832 765 nobis
875 734 893 752 a
934 728 1143 767 omnibus
1186 728 1379 768 laetitiae
1423 731 1554 780 atque
1597 728 1779 768 utilitati

152 789 249 837 fuit,
282 789 417 828 semel
446 789 579 828 etiam
610 790 655 828 in
685 791 961 841 amplissimo
991 793 1127 832 huius
1158 794 1281 832 urbis
1321 794 1484 844 templo
1514 795 1580 833 est
1608 794 1780 833 concio-

152 856 307 901 natus;
344 854 462 904 quod
493 856 542 894 ut
581 855 740 894 faceret
771 856 821 895 R.
864 857 1155 897 bononiensis
1184 859 1379 909 episcopi
1421 859 1613 898 vicarius
1642 860 1698 898 ab
1728 870 1780 898 eo

151 919 356 970 precibus
386 919 655 970 impetrauit.
694 921 798 960 Post
828 922 923 961 eius
955 921 971 947 ¹³
1008 935 1112 963 uero
1143 923 1388 963 discessum
1429 924 1480 964 R.
1514 924 1561 963 P.
1596 924 1778 964 Prouin-

151 984 278 1024 cialis
307 985 321 1008 2
342 984 473 1024 etiam
505 996 587 1024 nos
609 985 780 1032 inuisit.
813 986 995 1037 suisque
1023 988 1184 1035 uerbis,
1218 988 1319 1039 igne
1339 988 1520 1028 diuinae
1549 989 1780 1028 charitatis

150 1049 360 1097 incensis,
394 1050 679 1089 uehementer
709 1063 789 1090 nos
819 1052 872 1090 ad
904 1053 1159 1103 exequenda
1180 1053 1301 1092 omni
1332 1054 1481 1093 studio
1503 1055 1654 1093 nostra
1685 1066 1777 1093 mu-

151 1126 255 1154 nera
286 1114 596 1154 inflammauit.
626 1115 747 1154 Duas
779 1119 1001 1166 praeterea
1021 1117 1256 1157 conciones
1286 1118 1379 1168 ipse
1402 1130 1578 1170 quoque
1608 1119 1780 1159 inuitus

150 1179 238 1219 fere
277 1180 412 1231 (quod
444 1180 651 1219 Venetias
694 1181 976 1231 grauissimis
1006 1183 1058 1221 de
1102 1183 1249 1222 causis
1280 1183 1533 1235 festinabat)
1580 1183 1777 1223 eiusdem

151 1245 202 1285 R.
222 1245 272 1284 D.
297 1245 451 1296 vicarij
470 1245 750 1296 aliorumque
772 1246 989 1285 nobilium
1009 1251 1165 1299 rogatu
1187 1248 1232 1287 in
1255 1260 1428 1288 summo
1446 1249 1610 1300 templo
1631 1261 1778 1288 coram

150 1310 511 1361 frequentissima
533 1310 685 1361 populi
711 1312 754 1350 et
775 1323 1035 1362 magnorum
1067 1313 1264 1352 virorum
1288 1313 1573 1353 multitudine
1602 1314 1775 1353 habuit.

149 1374 322 1425 Quibus
351 1375 562 1415 omnibus
592 1376 724 1415 rebus
768 1376 931 1416 factum
963 1379 1042 1424 est,
1077 1379 1124 1416 ut
1154 1390 1242 1417 non
1291 1390 1454 1429 paruus
1483 1379 1690 1418 cumulus
1722 1379 1777 1418 ad

148 1453 244 1480 eam
279 1440 561 1480 autoritatem
592 1442 839 1489 accesserit,
881 1454 1010 1493 quan]
1045 1442 1239 1482 Societas
1283 1444 1329 1483 in
1359 1443 1442 1483 hac
1486 1445 1593 1483 urbe
1622 1444 1778 1483 diuina

150 1505 386 1557 benignate
415 1506 630 1546 hactenus
664 1506 902 1553 habuerat;
936 1519 1049 1558 quae
1090 1510 1203 1547 certe
1234 1510 1357 1547 tanta
1398 1520 1570 1559 semper
1599 1509 1697 1553 fuit.
1730 1511 1778 1549 ut

148 1570 225 1610 uix
256 1570 396 1610 maior
439 1571 629 1621 potuerit
664 1571 920 1611 desiderari.
969 1572 1029 1610 Ea
1059 1572 1174 1611 enim
1220 1575 1284 1612 est
1314 1573 1367 1612 (16
1411 1573 1539 1613 nobis
1568 1574 1777 1614 omnibus

147 1635 315 1686 opinio,
340 1637 387 1675 ut
416 1635 493 1685 qui
514 1637 592 1675 aut
612 1635 658 1674 in
679 1636 855 1684 litteris,
888 1639 965 1675 aut
987 1637 1031 1675 in
1060 1638 1190 1676 rebus
1211 1637 1380 1677 diuinis
1409 1639 1532 1688 optat
1553 1638 1774 1689 proficere,

147 1700 203 1740 ad
232 1712 314 1740 nos
343 1700 382 1740 ei
413 1702 624 1751 tanquam
655 1701 708 1740 ad
742 1701 925 1740 unicum
956 1702 1077 1741 vrbis
1109 1703 1356 1753 perfugium
1387 1703 1655 1742 ueniendum
1701 1703 1772 1743 sit.

146 1766 361 1806 Nonnulli
384 1768 607 1817 praeterea
627 1779 680 1805 ex
701 1766 803 1817 alijs
825 1768 1009 1806 vrbibus
1030 1770 1161 1818 atque
1183 1768 1359 1819 oppidis
1376 1769 1548 1808 Patrem
1572 1771 1773 1809 nostrum

146 1831 199 1870 de
230 1832 361 1871 rebus
391 1831 674 1882 grauissimis
707 1832 961 1871 consultum
1003 1833 1247 1872 Bononiam
1294 1833 1655 1883 proficiscuntur3
1698 1834 1774 1886 alij

145 1896 306 1936 litteris
344 1896 583 1936 consilium
614 1899 783 1947 petunt,
830 1897 945 1936 inter
974 1910 1086 1948 quos
1130 1898 1179 1938 R.
1212 1898 1262 1937 D.
1309 1898 1504 1948 episcopi
1535 1898 1775 1949 placentini

147 1961 340 2001 vicarius
379 1961 476 2008 fuit,
509 1962 585 2013 qui
630 1973 706 2013 per
735 1962 904 2001 litteras
953 1963 1141 2002 eundem
1173 1963 1346 2002 Patrem
1390 1963 1579 2014 rogauit,
1613 1966 1660 2003 ut
1688 1964 1775 2004 sibi

145 2039 341 2078 quonam
372 2029 498 2077 pacto
536 2027 769 2067 dioecesim
816 2039 941 2067 suam
976 2030 1157 2079 regeret,
1207 2028 1450 2078 praeceptis
1479 2039 1529 2067 ea
1572 2029 1624 2068 de
1654 2041 1698 2068 re
1728 2030 1774 2069 in

146 2091 312 2131 tabulis
332 2092 624 2140 transmissis,
648 2094 801 2132 notum
826 2093 1010 2139 faceret;
1038 2093 1269 2143 praecipue
1292 2105 1396 2132 uero
1423 2093 1557 2133 huius
1578 2093 1775 2134 ciuitatis

146 2157 368 2208 principes
406 2169 509 2209 erga
540 2169 622 2197 nos
661 2159 771 2197 bene
801 2158 946 2197 affecti
991 2160 1109 2197 sunt.
1144 2159 1194 2197 R.
1231 2160 1346 2197 certe
1389 2158 1597 2198 dominus
1640 2159 1775 2199 bono-

146 2222 316 2262 niensis
337 2230 352 2249 ⁶
386 2223 580 2274 episcopi
614 2223 820 2271 vicarius,
863 2223 994 2263 cuius
1025 2235 1159 2274 supra
1198 2223 1394 2270 memini,
1427 2223 1486 2262 ita
1521 2224 1572 2263 R.
1616 2224 1662 2263 Ρ.
1695 2236 1774 2264 no-

145 2289 283 2327 strum
318 2288 545 2327 Rectorem
576 2289 799 2335 obseruat‚
834 2290 879 2327 ut
912 2300 1011 2328 eum
1042 2290 1239 2327 autorem
1269 2290 1311 2326 et
1342 2290 1662 2338 praeceptorem
1685 2301 1776 2328 om—

144 2352 269 2392 nium
290 2353 580 2393 consiliorum
601 2365 784 2393 suorum
807 2354 971 2392 habere
994 2354 1117 2398 uelit,
1141 2355 1270 2404 atque
1293 2353 1337 2391 in
1359 2353 1610 2393 dioeceseos
1635 2354 1773 2393 admi-

144 2418 409 2458 nistratione
429 2419 484 2458 ab
507 2418 629 2458 illius
651 2418 834 2458 monitis
855 2431 909 2458 ne
933 2419 1070 2458 latum
1095 2418 1272 2469 quidem
1301 2419 1363 2468 (ut
1387 2418 1522 2469 uulgo
1543 2418 1722 2468 dicitur)
1754 2418 1773 2445 <¹

144 2484 356 2533 culmum,
380 2484 581 2524 discedit.
607 2485 649 2523 Is
670 2496 774 2535 ergo
797 2484 937 2523 eidem
970 2484 1089 2523 Patri
1111 2496 1163 2522 ex
1194 2482 1290 2523 R.¹1¹i
1314 2483 1507 2534 episcopi
1530 2485 1543 2506 ³
1566 2484 1773 2524 mandato

145 2550 404 2600 potestatem
438 2549 539 2589 fecit
568 2549 718 2588 omnia
755 2549 832 2588 illa
862 2561 1086 2588 sacrarum
1125 2549 1344 2599 virginum
1375 2549 1643 2588 monasteria
1672 2549 1719 2588 in
1757 2557 1773 2576 e

210 2693 227 2711 a
256 2684 365 2716 nobis
390 2694 516 2726 supra
544 2694 647 2717 vers,
672 2704 710 2708 ——
735 2685 753 2711 b
774 2686 855 2718 eius
879 2695 1002 2726 snpra
1031 2694 1132 2717 vers.
1158 2703 1195 2706 —
1220 2693 1234 2711 e
1261 2684 1452 2716 boniensis
1485 2693 1555 2717 ms.
1582 2703 1622 2707 --
1645 2685 1662 2711 d
1689 2685 1774 2718 Del.

143 2737 202 2770 ab.
220 2756 260 2760 -—
281 2746 297 2764 e
322 2738 360 2770 in
384 2748 511 2780 supra
528 2748 629 2771 ver&

207 2852 217 2869 ¹
240 2850 278 2884 P.
305 2851 450 2889 Lainez,
476 2851 720 2893 Hippolytum
746 2852 950 2888 Estensem,
979 2851 1203 2883 cardinalem
1227 2851 1262 2883 et
1286 2850 1320 2882 S.
1341 2850 1531 2882 Pontificis
1555 2851 1592 2882 in
1617 2850 1773 2883 Galliam

142 2903 318 2945 legatum,
337 2905 537 2937 comitatus
562 2905 767 2937 Bononiam
791 2906 851 2937 die
876 2906 914 2937 19
938 2905 1022 2937 Iulii
1049 2905 1125 2936 1561
1147 2904 1359 2945 pervenisse
1382 2904 1540 2936 videtur.
1558 2903 1609 2936 Cf.
1627 2904 1773 2937 Lainii

143 2956 330 2993 Morbum..
355 2958 398 2998 V,
423 2959 495 2991 620.
523 2959 589 2990 Die
612 2959 653 2990 ⁶25
676 2958 760 2990 Iulii
788 2958 976 2991 Ferrariae
1000 2959 1072 2990 iam
1097 2959 1187 2990 erat.
1213 2957 1305 2989 Ibid.
1330 2957 1391 2989 636
1413 2966 1492 2998 sqq.

205 3012 217 3030 ²
240 3011 277 3044 P.
303 3011 528 3044 Benedictus
551 3012 703 3044 Palmio.

205 3066 218 3083 ³
240 3063 332 3097 Vide
355 3075 390 3106 p.
414 3065 486 3105 3⁶26,
512 3066 640 3097 annot.
667 3066 696 3097 1.
