<?xml version="1.0" encoding="UTF-8"?>
<!DOCTYPE html PUBLIC "-//W3C//DTD XHTML 1.0 Transitional//EN"
    "http://www.w3.org/TR/xhtml1/DTD/xhtml1-transitional.dtd">
<html xmlns="http://www.w3.org/1999/xhtml" xml:lang="en" lang="en">
 <head>
  <title>
</title>
<meta http-equiv="Content-Type" content="text/html;charset=utf-8" />
  <meta name='ocr-system' content='tesseract 3.04.00' />
  <meta name='ocr-capabilities' content='ocr_page ocr_carea ocr_par ocr_line ocrx_word'/>
</head>
<body>
  <div class='ocr_page' id='page_1' title='image "./litteraequadrime19lain_0697.png"; bbox 0 0 2099 3516; ppageno 0'>
   <div class='ocr_carea' id='block_1_1' title="bbox 473 273 1675 312">
    <p class='ocr_par' dir='ltr' id='par_1_1' title="bbox 473 273 1675 312">
     <span class='ocr_line' id='line_1_1' title="bbox 473 273 1675 312; baseline -0.001 -2"><span class='ocrx_word' id='word_1_1' title='bbox 473 274 554 311; x_wconf 84' lang='lat'>603.</span> <span class='ocrx_word' id='word_1_2' title='bbox 585 297 629 301; x_wconf 89' lang='lat'><strong>—</strong></span> <span class='ocrx_word' id='word_1_3' title='bbox 655 275 875 311; x_wconf 78' lang='lat' dir='ltr'>MONACHIO</span> <span class='ocrx_word' id='word_1_4' title='bbox 905 275 920 311; x_wconf 81' lang='lat'>1</span> <span class='ocrx_word' id='word_1_5' title='bbox 948 275 1143 312; x_wconf 78' lang='lat' dir='ltr'><strong>IANUARII</strong></span> <span class='ocrx_word' id='word_1_6' title='bbox 1172 274 1263 310; x_wconf 69' lang='lat'>1562</span> <span class='ocrx_word' id='word_1_7' title='bbox 1608 273 1675 309; x_wconf 85' lang='lat'>671</span> 
     </span>
    </p>
   </div>
   <div class='ocr_carea' id='block_1_2' title="bbox 85 391 1727 2517">
    <p class='ocr_par' dir='ltr' id='par_1_2' title="bbox 85 391 1727 2517">
     <span class='ocr_line' id='line_1_2' title="bbox 96 391 1724 444; baseline -0.001 -13"><span class='ocrx_word' id='word_1_8' title='bbox 96 392 383 439; x_wconf 81' lang='lat' dir='ltr'>sacerdotem,</span> <span class='ocrx_word' id='word_1_9' title='bbox 413 392 765 444; x_wconf 88' lang='lat' dir='ltr'>conuiuiumque</span> <span class='ocrx_word' id='word_1_10' title='bbox 808 393 1101 441; x_wconf 74' lang='lat' dir='ltr'>honorarent,</span> <span class='ocrx_word' id='word_1_11' title='bbox 1142 404 1228 443; x_wconf 87' lang='lat' dir='ltr'>qua</span> <span class='ocrx_word' id='word_1_12' title='bbox 1272 391 1451 442; x_wconf 89' lang='lat' dir='ltr'>quidem</span> <span class='ocrx_word' id='word_1_13' title='bbox 1491 391 1724 430; x_wconf 82' lang='lat' dir='ltr'>occasione</span> 
     </span>
     <span class='ocr_line' id='line_1_3' title="bbox 94 455 1727 509; baseline -0.001 -13"><span class='ocrx_word' id='word_1_14' title='bbox 94 457 259 496; x_wconf 87' lang='lat' dir='ltr'>factum</span> <span class='ocrx_word' id='word_1_15' title='bbox 288 458 368 503; x_wconf 83' lang='lat' dir='ltr'>est,</span> <span class='ocrx_word' id='word_1_16' title='bbox 392 459 441 496; x_wconf 91' lang='lat' dir='ltr'>ut</span> <span class='ocrx_word' id='word_1_17' title='bbox 469 459 694 496; x_wconf 84' lang='lat' dir='ltr'>contracta</span> <span class='ocrx_word' id='word_1_18' title='bbox 723 469 825 497; x_wconf 90' lang='lat' dir='ltr'>cum</span> <span class='ocrx_word' id='word_1_19' title='bbox 846 457 1071 509; x_wconf 87' lang='lat' dir='ltr'>primarijs</span> <span class='ocrx_word' id='word_1_20' title='bbox 1101 457 1211 497; x_wconf 88' lang='lat' dir='ltr'>uiris</span> <span class='ocrx_word' id='word_1_21' title='bbox 1242 456 1333 495; x_wconf 92' lang='lat' dir='ltr'>illis</span> <span class='ocrx_word' id='word_1_22' title='bbox 1360 455 1579 494; x_wconf 89' lang='lat' dir='ltr'>nonnulla</span> <span class='ocrx_word' id='word_1_23' title='bbox 1602 455 1727 494; x_wconf 85' lang='lat' dir='ltr'>fami-</span> 
     </span>
     <span class='ocr_line' id='line_1_4' title="bbox 95 519 1723 574; baseline -0.002 -13"><span class='ocrx_word' id='word_1_24' title='bbox 95 522 301 569; x_wconf 90' lang='lat' dir='ltr'>liaritate,</span> <span class='ocrx_word' id='word_1_25' title='bbox 334 522 566 573; x_wconf 81' lang='lat' dir='ltr'>aequiores</span> <span class='ocrx_word' id='word_1_26' title='bbox 609 522 712 562; x_wconf 92' lang='lat' dir='ltr'>illos</span> <span class='ocrx_word' id='word_1_27' title='bbox 754 535 857 574; x_wconf 81' lang='lat' dir='ltr'>erga</span> <span class='ocrx_word' id='word_1_28' title='bbox 899 535 982 563; x_wconf 91' lang='lat' dir='ltr'>nos</span> <span class='ocrx_word' id='word_1_29' title='bbox 1022 522 1301 574; x_wconf 89' lang='lat' dir='ltr'>postmodum</span> <span class='ocrx_word' id='word_1_30' title='bbox 1348 532 1505 560; x_wconf 91' lang='lat' dir='ltr'>sumus</span> <span class='ocrx_word' id='word_1_31' title='bbox 1540 519 1723 570; x_wconf 85' lang='lat' dir='ltr'>experti,</span> 
     </span>
     <span class='ocr_line' id='line_1_5' title="bbox 94 584 1726 638; baseline -0.002 -12"><span class='ocrx_word' id='word_1_32' title='bbox 94 598 195 626; x_wconf 91' lang='lat' dir='ltr'>cum</span> <span class='ocrx_word' id='word_1_33' title='bbox 225 586 337 626; x_wconf 87' lang='lat' dir='ltr'>alias</span> <span class='ocrx_word' id='word_1_34' title='bbox 366 598 458 626; x_wconf 91' lang='lat' dir='ltr'>non</span> <span class='ocrx_word' id='word_1_35' title='bbox 487 598 645 637; x_wconf 88' lang='lat' dir='ltr'>parum</span> <span class='ocrx_word' id='word_1_36' title='bbox 675 599 700 626; x_wconf 90' lang='lat' dir='ltr'>a</span> <span class='ocrx_word' id='word_1_37' title='bbox 730 588 860 627; x_wconf 90' lang='lat' dir='ltr'>nobis</span> <span class='ocrx_word' id='word_1_38' title='bbox 885 588 1021 627; x_wconf 87' lang='lat' dir='ltr'>alieni</span> <span class='ocrx_word' id='word_1_39' title='bbox 1042 586 1268 638; x_wconf 87' lang='lat' dir='ltr'>potuerint</span> <span class='ocrx_word' id='word_1_40' title='bbox 1306 584 1463 625; x_wconf 90' lang='lat' dir='ltr'>uideri.</span> <span class='ocrx_word' id='word_1_41' title='bbox 1505 584 1726 635; x_wconf 86' lang='lat' dir='ltr'>Saepenu-</span> 
     </span>
     <span class='ocr_line' id='line_1_6' title="bbox 94 649 1725 703; baseline -0.002 -13"><span class='ocrx_word' id='word_1_42' title='bbox 94 663 214 691; x_wconf 91' lang='lat' dir='ltr'>mero</span> <span class='ocrx_word' id='word_1_43' title='bbox 258 651 374 691; x_wconf 92' lang='lat' dir='ltr'>idem</span> <span class='ocrx_word' id='word_1_44' title='bbox 422 651 627 702; x_wconf 87' lang='lat' dir='ltr'>princeps</span> <span class='ocrx_word' id='word_1_45' title='bbox 670 652 812 692; x_wconf 85' lang='lat' dir='ltr'>zelum</span> <span class='ocrx_word' id='word_1_46' title='bbox 855 665 988 692; x_wconf 90' lang='lat' dir='ltr'>suum</span> <span class='ocrx_word' id='word_1_47' title='bbox 1030 664 1133 703; x_wconf 82' lang='lat' dir='ltr'>erga</span> <span class='ocrx_word' id='word_1_48' title='bbox 1176 650 1416 690; x_wconf 83' lang='lat' dir='ltr'>Ecclesiam</span> <span class='ocrx_word' id='word_1_49' title='bbox 1460 649 1725 689; x_wconf 82' lang='lat' dir='ltr'>catholicam</span> 
     </span>
     <span class='ocr_line' id='line_1_7' title="bbox 93 712 1725 766; baseline -0.002 -11"><span class='ocrx_word' id='word_1_50' title='bbox 93 715 301 763; x_wconf 81' lang='lat' dir='ltr'>ostendit,</span> <span class='ocrx_word' id='word_1_51' title='bbox 334 717 410 755; x_wconf 90' lang='lat' dir='ltr'>aut</span> <span class='ocrx_word' id='word_1_52' title='bbox 440 716 759 766; x_wconf 88' lang='lat' dir='ltr'>compescendo</span> <span class='ocrx_word' id='word_1_53' title='bbox 789 717 1010 757; x_wconf 89' lang='lat' dir='ltr'>tumultus</span> <span class='ocrx_word' id='word_1_54' title='bbox 1040 716 1273 756; x_wconf 84' lang='lat' dir='ltr'>rebellium</span> <span class='ocrx_word' id='word_1_55' title='bbox 1319 714 1615 759; x_wconf 83' lang='lat' dir='ltr'>subditorum,</span> <span class='ocrx_word' id='word_1_56' title='bbox 1648 712 1725 764; x_wconf 89' lang='lat' dir='ltr'>qui</span> 
     </span>
     <span class='ocr_line' id='line_1_8' title="bbox 93 778 1726 829; baseline -0.002 -9"><span class='ocrx_word' id='word_1_57' title='bbox 93 781 263 820; x_wconf 79' lang='lat' dir='ltr'>occulte</span> <span class='ocrx_word' id='word_1_58' title='bbox 310 780 624 820; x_wconf 79' lang='lat' dir='ltr'>machinantur</span> <span class='ocrx_word' id='word_1_59' title='bbox 675 781 1049 821; x_wconf 77' lang='lat' dir='ltr'>introductionem</span> <span class='ocrx_word' id='word_1_60' title='bbox 1105 779 1436 821; x_wconf 86' lang='lat' dir='ltr'>communionis</span> <span class='ocrx_word' id='word_1_61' title='bbox 1492 778 1726 829; x_wconf 83' lang='lat' dir='ltr'>utriusque</span> 
     </span>
     <span class='ocr_line' id='line_1_9' title="bbox 92 844 1726 898; baseline -0.002 -13"><span class='ocrx_word' id='word_1_62' title='bbox 92 845 269 897; x_wconf 86' lang='lat' dir='ltr'>speciei,</span> <span class='ocrx_word' id='word_1_63' title='bbox 301 847 379 885; x_wconf 85' lang='lat' dir='ltr'>aut</span> <span class='ocrx_word' id='word_1_64' title='bbox 407 845 531 885; x_wconf 89' lang='lat' dir='ltr'>curia</span> <span class='ocrx_word' id='word_1_65' title='bbox 559 857 640 885; x_wconf 90' lang='lat' dir='ltr'>sua</span> <span class='ocrx_word' id='word_1_66' title='bbox 670 847 944 886; x_wconf 78' lang='lat' dir='ltr'>extrudendo</span> <span class='ocrx_word' id='word_1_67' title='bbox 974 855 991 873; x_wconf 71' lang='lat' dir='ltr'>a</span> <span class='ocrx_word' id='word_1_68' title='bbox 1012 859 1087 886; x_wconf 89' lang='lat' dir='ltr'>eos</span> <span class='ocrx_word' id='word_1_69' title='bbox 1117 858 1230 898; x_wconf 90' lang='lat' dir='ltr'>quos</span> <span class='ocrx_word' id='word_1_70' title='bbox 1264 844 1486 884; x_wconf 88' lang='lat' dir='ltr'>haeretica</span> <span class='ocrx_word' id='word_1_71' title='bbox 1520 844 1619 883; x_wconf 89' lang='lat' dir='ltr'>labe</span> <span class='ocrx_word' id='word_1_72' title='bbox 1649 855 1726 882; x_wconf 91' lang='lat' dir='ltr'>no-</span> 
     </span>
     <span class='ocr_line' id='line_1_10' title="bbox 93 910 1724 963; baseline -0.002 -13"><span class='ocrx_word' id='word_1_73' title='bbox 93 911 207 950; x_wconf 85' lang='lat' dir='ltr'>uerit</span> <span class='ocrx_word' id='word_1_74' title='bbox 236 910 578 950; x_wconf 82' lang='lat' dir='ltr'>contaminatos,</span> <span class='ocrx_word' id='word_1_75' title='bbox 603 911 654 950; x_wconf 88' lang='lat' dir='ltr'>Et</span> <span class='ocrx_word' id='word_1_76' title='bbox 684 913 732 950; x_wconf 87' lang='lat' dir='ltr'>ut</span> <span class='ocrx_word' id='word_1_77' title='bbox 754 912 1039 962; x_wconf 79' lang='lat' dir='ltr'>magnatibus</span> <span class='ocrx_word' id='word_1_78' title='bbox 1061 911 1252 963; x_wconf 78' lang='lat' dir='ltr'>aliJ&#39;sque</span> <span class='ocrx_word' id='word_1_79' title='bbox 1272 910 1482 950; x_wconf 85' lang='lat' dir='ltr'>omnibus</span> <span class='ocrx_word' id='word_1_80' title='bbox 1512 911 1724 948; x_wconf 87' lang='lat' dir='ltr'>terrorem</span> 
     </span>
     <span class='ocr_line' id='line_1_11' title="bbox 92 973 1725 1028; baseline -0.001 -14"><span class='ocrx_word' id='word_1_81' title='bbox 92 974 323 1022; x_wconf 77' lang='lat' dir='ltr'>incuteret,</span> <span class='ocrx_word' id='word_1_82' title='bbox 349 977 450 1015; x_wconf 89' lang='lat' dir='ltr'>ante</span> <span class='ocrx_word' id='word_1_83' title='bbox 480 987 646 1026; x_wconf 89' lang='lat' dir='ltr'>paucas</span> <span class='ocrx_word' id='word_1_84' title='bbox 666 976 955 1026; x_wconf 85' lang='lat' dir='ltr'>septimanas,</span> <span class='ocrx_word' id='word_1_85' title='bbox 978 988 1241 1028; x_wconf 83' lang='lat' dir='ltr'>generosum</span> <span class='ocrx_word' id='word_1_86' title='bbox 1264 975 1486 1026; x_wconf 82' lang='lat' dir='ltr'>quendam</span> <span class='ocrx_word' id='word_1_87' title='bbox 1522 975 1565 1013; x_wconf 90' lang='lat' dir='ltr'>et</span> <span class='ocrx_word' id='word_1_88' title='bbox 1594 973 1725 1013; x_wconf 88' lang='lat' dir='ltr'>ualde</span> 
     </span>
     <span class='ocr_line' id='line_1_12' title="bbox 92 1038 1724 1091; baseline -0.001 -12"><span class='ocrx_word' id='word_1_89' title='bbox 92 1042 313 1091; x_wconf 90' lang='lat' dir='ltr'>potentem</span> <span class='ocrx_word' id='word_1_90' title='bbox 357 1040 604 1086; x_wconf 86' lang='lat' dir='ltr'>dominum,</span> <span class='ocrx_word' id='word_1_91' title='bbox 637 1043 815 1091; x_wconf 88' lang='lat' dir='ltr'>propter</span> <span class='ocrx_word' id='word_1_92' title='bbox 856 1042 1074 1081; x_wconf 82' lang='lat' dir='ltr'>haeresim</span> <span class='ocrx_word' id='word_1_93' title='bbox 1119 1041 1221 1081; x_wconf 91' lang='lat' dir='ltr'>aula</span> <span class='ocrx_word' id='word_1_94' title='bbox 1266 1052 1362 1085; x_wconf 82' lang='lat' dir='ltr'>sua,</span> <span class='ocrx_word' id='word_1_95' title='bbox 1395 1051 1448 1079; x_wconf 81' lang='lat' dir='ltr'>ex</span> <span class='ocrx_word' id='word_1_96' title='bbox 1478 1038 1724 1089; x_wconf 85' lang='lat' dir='ltr'>improuiso</span> 
     </span>
     <span class='ocr_line' id='line_1_13' title="bbox 91 1103 1707 1157; baseline -0.001 -13"><span class='ocrx_word' id='word_1_97' title='bbox 91 1104 361 1149; x_wconf 87' lang='lat' dir='ltr'>deturbauit,</span> <span class='ocrx_word' id='word_1_98' title='bbox 392 1105 514 1144; x_wconf 88' lang='lat' dir='ltr'>omni</span> <span class='ocrx_word' id='word_1_99' title='bbox 558 1105 689 1156; x_wconf 89' lang='lat' dir='ltr'>plane</span> <span class='ocrx_word' id='word_1_100' title='bbox 733 1106 885 1145; x_wconf 87' lang='lat' dir='ltr'>fauore</span> <span class='ocrx_word' id='word_1_101' title='bbox 928 1107 1185 1157; x_wconf 88' lang='lat' dir='ltr'>spoliatum.</span> <span class='ocrx_word' id='word_1_102' title='bbox 1219 1105 1360 1145; x_wconf 84' lang='lat' dir='ltr'>Taceo</span> <span class='ocrx_word' id='word_1_103' title='bbox 1390 1105 1443 1144; x_wconf 90' lang='lat' dir='ltr'>de</span> <span class='ocrx_word' id='word_1_104' title='bbox 1473 1103 1707 1144; x_wconf 81' lang='lat' dir='ltr'>sereniss.a</span> 
     </span>
     <span class='ocr_line' id='line_1_14' title="bbox 92 1170 1723 1222; baseline -0.002 -13"><span class='ocrx_word' id='word_1_105' title='bbox 92 1182 228 1210; x_wconf 83' lang='lat' dir='ltr'>uxore</span> <span class='ocrx_word' id='word_1_106' title='bbox 259 1170 426 1222; x_wconf 82' lang='lat' dir='ltr'>regina,</span> <span class='ocrx_word' id='word_1_107' title='bbox 459 1182 572 1221; x_wconf 88' lang='lat' dir='ltr'>quae</span> <span class='ocrx_word' id='word_1_108' title='bbox 604 1172 652 1210; x_wconf 82' lang='lat' dir='ltr'>ut</span> <span class='ocrx_word' id='word_1_109' title='bbox 681 1171 895 1210; x_wconf 85' lang='lat' dir='ltr'>relatione</span> <span class='ocrx_word' id='word_1_110' title='bbox 926 1172 1009 1211; x_wconf 86' lang='lat' dir='ltr'>fide</span> <span class='ocrx_word' id='word_1_111' title='bbox 1048 1171 1287 1221; x_wconf 82' lang='lat' dir='ltr'>dignorum</span> <span class='ocrx_word' id='word_1_112' title='bbox 1329 1170 1588 1221; x_wconf 76' lang='lat' dir='ltr'>accipimus,</span> <span class='ocrx_word' id='word_1_113' title='bbox 1620 1179 1723 1219; x_wconf 85' lang='lat' dir='ltr'>erga</span> 
     </span>
     <span class='ocr_line' id='line_1_15' title="bbox 89 1234 1722 1287; baseline -0.001 -13"><span class='ocrx_word' id='word_1_114' title='bbox 89 1246 172 1274; x_wconf 90' lang='lat' dir='ltr'>nos</span> <span class='ocrx_word' id='word_1_115' title='bbox 200 1235 366 1286; x_wconf 91' lang='lat' dir='ltr'>optime</span> <span class='ocrx_word' id='word_1_116' title='bbox 395 1247 615 1287; x_wconf 88' lang='lat' dir='ltr'>propensa</span> <span class='ocrx_word' id='word_1_117' title='bbox 644 1237 724 1276; x_wconf 89' lang='lat' dir='ltr'>est.</span> <span class='ocrx_word' id='word_1_118' title='bbox 759 1236 820 1275; x_wconf 93' lang='lat' dir='ltr'>De</span> <span class='ocrx_word' id='word_1_119' title='bbox 851 1236 1156 1276; x_wconf 86' lang='lat' dir='ltr'>illustrissima</span> <span class='ocrx_word' id='word_1_120' title='bbox 1196 1238 1334 1275; x_wconf 89' lang='lat' dir='ltr'>matre</span> <span class='ocrx_word' id='word_1_121' title='bbox 1378 1235 1505 1275; x_wconf 88' lang='lat' dir='ltr'>ducis</span> <span class='ocrx_word' id='word_1_122' title='bbox 1535 1246 1625 1273; x_wconf 89' lang='lat' dir='ltr'>non</span> <span class='ocrx_word' id='word_1_123' title='bbox 1656 1234 1722 1272; x_wconf 85' lang='lat' dir='ltr'>est</span> 
     </span>
     <span class='ocr_line' id='line_1_16' title="bbox 91 1297 1723 1351; baseline -0.001 -12"><span class='ocrx_word' id='word_1_124' title='bbox 91 1300 336 1351; x_wconf 87' lang='lat' dir='ltr'>praesentis</span> <span class='ocrx_word' id='word_1_125' title='bbox 365 1300 561 1340; x_wconf 89' lang='lat' dir='ltr'>instituti</span> <span class='ocrx_word' id='word_1_126' title='bbox 593 1301 736 1340; x_wconf 85' lang='lat' dir='ltr'>multa</span> <span class='ocrx_word' id='word_1_127' title='bbox 764 1301 923 1348; x_wconf 85' lang='lat' dir='ltr'>dicere,</span> <span class='ocrx_word' id='word_1_128' title='bbox 955 1313 1056 1341; x_wconf 91' lang='lat' dir='ltr'>cum</span> <span class='ocrx_word' id='word_1_129' title='bbox 1085 1302 1139 1341; x_wconf 89' lang='lat' dir='ltr'>de</span> <span class='ocrx_word' id='word_1_130' title='bbox 1168 1314 1219 1341; x_wconf 87' lang='lat' dir='ltr'>ea</span> <span class='ocrx_word' id='word_1_131' title='bbox 1253 1303 1385 1340; x_wconf 87' lang='lat' dir='ltr'>antea</span> <span class='ocrx_word' id='word_1_132' title='bbox 1427 1311 1558 1350; x_wconf 83' lang='lat' dir='ltr'>saepe</span> <span class='ocrx_word' id='word_1_133' title='bbox 1588 1297 1723 1349; x_wconf 91' lang='lat' dir='ltr'>scrip-</span> 
     </span>
     <span class='ocr_line' id='line_1_17' title="bbox 90 1364 1723 1407; baseline -0.001 -3"><span class='ocrx_word' id='word_1_134' title='bbox 90 1365 280 1405; x_wconf 89' lang='lat' dir='ltr'>serimus</span> <span class='ocrx_word' id='word_1_135' title='bbox 310 1368 322 1390; x_wconf 78' lang='lat'><strong>1</strong></span> <span class='ocrx_word' id='word_1_136' title='bbox 353 1368 396 1405; x_wconf 88' lang='lat' dir='ltr'>et</span> <span class='ocrx_word' id='word_1_137' title='bbox 424 1366 539 1406; x_wconf 89' lang='lat' dir='ltr'>nulli</span> <span class='ocrx_word' id='word_1_138' title='bbox 569 1378 660 1405; x_wconf 86' lang='lat' dir='ltr'>non</span> <span class='ocrx_word' id='word_1_139' title='bbox 690 1367 859 1406; x_wconf 88' lang='lat' dir='ltr'>clarum</span> <span class='ocrx_word' id='word_1_140' title='bbox 891 1367 947 1406; x_wconf 86' lang='lat' dir='ltr'>sit</span> <span class='ocrx_word' id='word_1_141' title='bbox 978 1380 1072 1406; x_wconf 90' lang='lat' dir='ltr'>eam</span> <span class='ocrx_word' id='word_1_142' title='bbox 1104 1379 1200 1407; x_wconf 92' lang='lat' dir='ltr'>esse</span> <span class='ocrx_word' id='word_1_143' title='bbox 1221 1367 1450 1407; x_wconf 86' lang='lat' dir='ltr'>heroinam</span> <span class='ocrx_word' id='word_1_144' title='bbox 1472 1364 1723 1405; x_wconf 86' lang='lat' dir='ltr'>catholicis-</span> 
     </span>
     <span class='ocr_line' id='line_1_18' title="bbox 90 1430 1723 1484; baseline -0.001 -14"><span class='ocrx_word' id='word_1_145' title='bbox 90 1430 264 1479; x_wconf 84' lang='lat' dir='ltr'>simam,</span> <span class='ocrx_word' id='word_1_146' title='bbox 310 1443 553 1482; x_wconf 90' lang='lat' dir='ltr'>pauperum</span> <span class='ocrx_word' id='word_1_147' title='bbox 603 1432 958 1484; x_wconf 84' lang='lat' dir='ltr'>afflictorumque</span> <span class='ocrx_word' id='word_1_148' title='bbox 1007 1434 1264 1479; x_wconf 82' lang='lat' dir='ltr'>anchoram,</span> <span class='ocrx_word' id='word_1_149' title='bbox 1310 1435 1352 1472; x_wconf 91' lang='lat' dir='ltr'>et</span> <span class='ocrx_word' id='word_1_150' title='bbox 1395 1430 1723 1471; x_wconf 85' lang='lat' dir='ltr'>misericordiae</span> 
     </span>
     <span class='ocr_line' id='line_1_19' title="bbox 90 1495 1720 1548; baseline -0.001 -13"><span class='ocrx_word' id='word_1_151' title='bbox 90 1495 300 1547; x_wconf 87' lang='lat' dir='ltr'>operibus</span> <span class='ocrx_word' id='word_1_152' title='bbox 346 1497 686 1544; x_wconf 87' lang='lat' dir='ltr'>deditissimam,</span> <span class='ocrx_word' id='word_1_153' title='bbox 719 1498 849 1537; x_wconf 90' lang='lat' dir='ltr'>nobis</span> <span class='ocrx_word' id='word_1_154' title='bbox 880 1510 985 1537; x_wconf 90' lang='lat' dir='ltr'>uero</span> <span class='ocrx_word' id='word_1_155' title='bbox 1020 1499 1316 1548; x_wconf 88' lang='lat' dir='ltr'>undecunque</span> <span class='ocrx_word' id='word_1_156' title='bbox 1350 1496 1720 1537; x_wconf 85' lang='lat' dir='ltr'>fauentissimam.</span> 
     </span>
     <span class='ocr_line' id='line_1_20' title="bbox 90 1559 1722 1614; baseline -0.001 -14"><span class='ocrx_word' id='word_1_157' title='bbox 90 1561 236 1600; x_wconf 86' lang='lat' dir='ltr'>Exteri</span> <span class='ocrx_word' id='word_1_158' title='bbox 280 1561 421 1613; x_wconf 87' lang='lat' dir='ltr'>aliqui</span> <span class='ocrx_word' id='word_1_159' title='bbox 463 1562 750 1602; x_wconf 85' lang='lat' dir='ltr'>ecclesiarum</span> <span class='ocrx_word' id='word_1_160' title='bbox 794 1563 978 1614; x_wconf 88' lang='lat' dir='ltr'>praelati</span> <span class='ocrx_word' id='word_1_161' title='bbox 1022 1575 1125 1614; x_wconf 78' lang='lat' dir='ltr'>erga</span> <span class='ocrx_word' id='word_1_162' title='bbox 1168 1575 1250 1602; x_wconf 86' lang='lat' dir='ltr'>nos</span> <span class='ocrx_word' id='word_1_163' title='bbox 1292 1574 1426 1614; x_wconf 86' lang='lat' dir='ltr'>quam</span> <span class='ocrx_word' id='word_1_164' title='bbox 1456 1562 1547 1601; x_wconf 89' lang='lat' dir='ltr'>sint</span> <span class='ocrx_word' id='word_1_165' title='bbox 1576 1559 1722 1600; x_wconf 82' lang='lat' dir='ltr'>affecti</span> 
     </span>
     <span class='ocr_line' id='line_1_21' title="bbox 90 1626 1724 1679; baseline -0.001 -14"><span class='ocrx_word' id='word_1_166' title='bbox 90 1626 196 1666; x_wconf 83' lang='lat' dir='ltr'>hinc</span> <span class='ocrx_word' id='word_1_167' title='bbox 225 1627 552 1678; x_wconf 82' lang='lat' dir='ltr'>cognoscimus,</span> <span class='ocrx_word' id='word_1_168' title='bbox 585 1628 704 1678; x_wconf 91' lang='lat' dir='ltr'>quod</span> <span class='ocrx_word' id='word_1_169' title='bbox 734 1640 1014 1679; x_wconf 88' lang='lat' dir='ltr'>quacumque</span> <span class='ocrx_word' id='word_1_170' title='bbox 1044 1629 1088 1667; x_wconf 90' lang='lat' dir='ltr'>in</span> <span class='ocrx_word' id='word_1_171' title='bbox 1121 1640 1166 1667; x_wconf 86' lang='lat' dir='ltr'>re</span> <span class='ocrx_word' id='word_1_172' title='bbox 1196 1628 1326 1667; x_wconf 89' lang='lat' dir='ltr'>nobis</span> <span class='ocrx_word' id='word_1_173' title='bbox 1356 1626 1594 1679; x_wconf 77' lang='lat' dir='ltr'>gratificari</span> <span class='ocrx_word' id='word_1_174' title='bbox 1624 1637 1724 1676; x_wconf 88' lang='lat' dir='ltr'>pos-</span> 
     </span>
     <span class='ocr_line' id='line_1_22' title="bbox 89 1692 1722 1744; baseline -0.001 -13"><span class='ocrx_word' id='word_1_175' title='bbox 89 1693 210 1739; x_wconf 88' lang='lat' dir='ltr'>sunt,</span> <span class='ocrx_word' id='word_1_176' title='bbox 243 1703 289 1731; x_wconf 90' lang='lat' dir='ltr'>se</span> <span class='ocrx_word' id='word_1_177' title='bbox 319 1694 498 1743; x_wconf 87' lang='lat' dir='ltr'>paratos</span> <span class='ocrx_word' id='word_1_178' title='bbox 528 1695 569 1732; x_wconf 87' lang='lat' dir='ltr'>et</span> <span class='ocrx_word' id='word_1_179' title='bbox 599 1693 751 1741; x_wconf 83' lang='lat' dir='ltr'>uerbo,</span> <span class='ocrx_word' id='word_1_180' title='bbox 784 1695 825 1732; x_wconf 92' lang='lat' dir='ltr'>et</span> <span class='ocrx_word' id='word_1_181' title='bbox 855 1706 900 1733; x_wconf 91' lang='lat' dir='ltr'>re</span> <span class='ocrx_word' id='word_1_182' title='bbox 930 1694 1027 1744; x_wconf 89' lang='lat' dir='ltr'>ipsa</span> <span class='ocrx_word' id='word_1_183' title='bbox 1069 1694 1271 1734; x_wconf 80' lang='lat' dir='ltr'>offerant.</span> <span class='ocrx_word' id='word_1_184' title='bbox 1303 1692 1501 1744; x_wconf 89' lang='lat' dir='ltr'>Cumque</span> <span class='ocrx_word' id='word_1_185' title='bbox 1544 1693 1722 1731; x_wconf 87' lang='lat' dir='ltr'>nostrae</span> 
     </span>
     <span class='ocr_line' id='line_1_23' title="bbox 89 1757 1719 1809; baseline -0.001 -13"><span class='ocrx_word' id='word_1_186' title='bbox 89 1757 267 1796; x_wconf 88' lang='lat' dir='ltr'>scholae</span> <span class='ocrx_word' id='word_1_187' title='bbox 314 1757 487 1808; x_wconf 88' lang='lat' dir='ltr'>hyemis</span> <span class='ocrx_word' id='word_1_188' title='bbox 529 1760 725 1809; x_wconf 88' lang='lat' dir='ltr'>tempore</span> <span class='ocrx_word' id='word_1_189' title='bbox 768 1759 1149 1809; x_wconf 88' lang='lat' dir='ltr'>quamplurimum</span> <span class='ocrx_word' id='word_1_190' title='bbox 1196 1759 1420 1809; x_wconf 81' lang='lat' dir='ltr'>lignorum</span> <span class='ocrx_word' id='word_1_191' title='bbox 1465 1758 1719 1803; x_wconf 82' lang='lat' dir='ltr'>absumant,</span> 
     </span>
     <span class='ocr_line' id='line_1_24' title="bbox 89 1821 1720 1875; baseline -0.001 -14"><span class='ocrx_word' id='word_1_192' title='bbox 89 1822 332 1873; x_wconf 83' lang='lat' dir='ltr'>praepositi</span> <span class='ocrx_word' id='word_1_193' title='bbox 362 1822 502 1874; x_wconf 89' lang='lat' dir='ltr'>aliqui</span> <span class='ocrx_word' id='word_1_194' title='bbox 534 1823 922 1872; x_wconf 88' lang='lat' dir='ltr'>monasteriorum,</span> <span class='ocrx_word' id='word_1_195' title='bbox 945 1836 1057 1875; x_wconf 87' lang='lat' dir='ltr'>quos</span> <span class='ocrx_word' id='word_1_196' title='bbox 1083 1823 1449 1875; x_wconf 87' lang='lat' dir='ltr'>opulentissimos</span> <span class='ocrx_word' id='word_1_197' title='bbox 1479 1823 1613 1861; x_wconf 88' lang='lat' dir='ltr'>habet</span> <span class='ocrx_word' id='word_1_198' title='bbox 1642 1821 1720 1860; x_wconf 91' lang='lat' dir='ltr'>Ba-</span> 
     </span>
     <span class='ocr_line' id='line_1_25' title="bbox 89 1887 1719 1940; baseline -0.001 -14"><span class='ocrx_word' id='word_1_199' title='bbox 89 1887 229 1936; x_wconf 84' lang='lat' dir='ltr'>uaria‚</span> <span class='ocrx_word' id='word_1_200' title='bbox 262 1899 351 1927; x_wconf 88' lang='lat' dir='ltr'>non</span> <span class='ocrx_word' id='word_1_201' title='bbox 384 1900 548 1938; x_wconf 89' lang='lat' dir='ltr'>paucas</span> <span class='ocrx_word' id='word_1_202' title='bbox 578 1888 804 1940; x_wconf 84' lang='lat' dir='ltr'>lignorum</span> <span class='ocrx_word' id='word_1_203' title='bbox 848 1891 963 1928; x_wconf 90' lang='lat' dir='ltr'>rates</span> <span class='ocrx_word' id='word_1_204' title='bbox 995 1891 1059 1937; x_wconf 86' lang='lat' dir='ltr'>(ut</span> <span class='ocrx_word' id='word_1_205' title='bbox 1102 1890 1332 1938; x_wconf 87' lang='lat' dir='ltr'>uocamus)</span> <span class='ocrx_word' id='word_1_206' title='bbox 1376 1888 1422 1927; x_wconf 89' lang='lat' dir='ltr'>in</span> <span class='ocrx_word' id='word_1_207' title='bbox 1465 1887 1719 1927; x_wconf 88' lang='lat' dir='ltr'>scholarum</span> 
     </span>
     <span class='ocr_line' id='line_1_26' title="bbox 89 1952 1721 2005; baseline -0.001 -14"><span class='ocrx_word' id='word_1_208' title='bbox 89 1954 343 1992; x_wconf 87' lang='lat' dir='ltr'>nostrarum</span> <span class='ocrx_word' id='word_1_209' title='bbox 366 1965 497 1993; x_wconf 88' lang='lat' dir='ltr'>usum</span> <span class='ocrx_word' id='word_1_210' title='bbox 529 1953 668 2005; x_wconf 82' lang='lat' dir='ltr'>gratis</span> <span class='ocrx_word' id='word_1_211' title='bbox 699 1955 1064 2005; x_wconf 71' lang='lat' dir='ltr'>suppeditarunt3</span> <span class='ocrx_word' id='word_1_212' title='bbox 1088 1967 1143 1994; x_wconf 86' lang='lat' dir='ltr'>ne</span> <span class='ocrx_word' id='word_1_213' title='bbox 1163 1966 1246 1993; x_wconf 91' lang='lat' dir='ltr'>nos</span> <span class='ocrx_word' id='word_1_214' title='bbox 1268 1954 1313 1993; x_wconf 88' lang='lat' dir='ltr'>in</span> <span class='ocrx_word' id='word_1_215' title='bbox 1336 1966 1380 1993; x_wconf 91' lang='lat' dir='ltr'>re</span> <span class='ocrx_word' id='word_1_216' title='bbox 1402 1952 1612 1993; x_wconf 81' lang='lat' dir='ltr'>familiari</span> <span class='ocrx_word' id='word_1_217' title='bbox 1633 1952 1721 1991; x_wconf 92' lang='lat' dir='ltr'>dis-</span> 
     </span>
     <span class='ocr_line' id='line_1_27' title="bbox 88 2017 1720 2071; baseline 0.001 -15"><span class='ocrx_word' id='word_1_218' title='bbox 88 2017 298 2067; x_wconf 87' lang='lat' dir='ltr'>pendium</span> <span class='ocrx_word' id='word_1_219' title='bbox 329 2018 512 2070; x_wconf 82' lang='lat' dir='ltr'>aliquod</span> <span class='ocrx_word' id='word_1_220' title='bbox 535 2019 624 2070; x_wconf 87' lang='lat' dir='ltr'>pati</span> <span class='ocrx_word' id='word_1_221' title='bbox 645 2031 915 2071; x_wconf 82' lang='lat' dir='ltr'>cogeremur.</span> <span class='ocrx_word' id='word_1_222' title='bbox 938 2020 1196 2059; x_wconf 87' lang='lat' dir='ltr'>Amicorum</span> <span class='ocrx_word' id='word_1_223' title='bbox 1231 2019 1307 2070; x_wconf 87' lang='lat' dir='ltr'>alij</span> <span class='ocrx_word' id='word_1_224' title='bbox 1340 2019 1511 2059; x_wconf 89' lang='lat' dir='ltr'>uitibus</span> <span class='ocrx_word' id='word_1_225' title='bbox 1549 2029 1720 2057; x_wconf 90' lang='lat' dir='ltr'>nouum</span> 
     </span>
     <span class='ocr_line' id='line_1_28' title="bbox 87 2082 1720 2136; baseline 0 -15"><span class='ocrx_word' id='word_1_226' title='bbox 87 2082 266 2122; x_wconf 91' lang='lat' dir='ltr'>hortum</span> <span class='ocrx_word' id='word_1_227' title='bbox 296 2087 498 2123; x_wconf 88' lang='lat' dir='ltr'>nostrum</span> <span class='ocrx_word' id='word_1_228' title='bbox 529 2096 688 2124; x_wconf 88' lang='lat' dir='ltr'>ornare</span> <span class='ocrx_word' id='word_1_229' title='bbox 718 2085 936 2135; x_wconf 77' lang='lat' dir='ltr'>gaudent3</span> <span class='ocrx_word' id='word_1_230' title='bbox 969 2085 1149 2136; x_wconf 89' lang='lat' dir='ltr'>quidam</span> <span class='ocrx_word' id='word_1_231' title='bbox 1181 2084 1336 2124; x_wconf 88' lang='lat' dir='ltr'>altaris</span> <span class='ocrx_word' id='word_1_232' title='bbox 1378 2083 1520 2123; x_wconf 86' lang='lat' dir='ltr'>nostri</span> <span class='ocrx_word' id='word_1_233' title='bbox 1550 2083 1720 2122; x_wconf 88' lang='lat' dir='ltr'>cultum</span> 
     </span>
     <span class='ocr_line' id='line_1_29' title="bbox 89 2148 1722 2202; baseline 0 -15"><span class='ocrx_word' id='word_1_234' title='bbox 89 2148 255 2187; x_wconf 88' lang='lat' dir='ltr'>casulis</span> <span class='ocrx_word' id='word_1_235' title='bbox 286 2148 478 2200; x_wconf 68' lang='lat' dir='ltr'>aliisque</span> <span class='ocrx_word' id='word_1_236' title='bbox 507 2149 708 2201; x_wconf 79' lang='lat' dir='ltr'>donariJ‘s</span> <span class='ocrx_word' id='word_1_237' title='bbox 737 2150 1035 2201; x_wconf 78' lang='lat' dir='ltr'>amplificant3</span> <span class='ocrx_word' id='word_1_238' title='bbox 1067 2151 1143 2202; x_wconf 87' lang='lat' dir='ltr'>alij</span> <span class='ocrx_word' id='word_1_239' title='bbox 1175 2162 1200 2189; x_wconf 91' lang='lat' dir='ltr'>a</span> <span class='ocrx_word' id='word_1_240' title='bbox 1231 2150 1360 2190; x_wconf 90' lang='lat' dir='ltr'>nobis</span> <span class='ocrx_word' id='word_1_241' title='bbox 1389 2148 1722 2189; x_wconf 87' lang='lat' dir='ltr'>commendatos</span> 
     </span>
     <span class='ocr_line' id='line_1_30' title="bbox 86 2212 1721 2267; baseline 0.001 -16"><span class='ocrx_word' id='word_1_242' title='bbox 86 2212 276 2252; x_wconf 88' lang='lat' dir='ltr'>libenter</span> <span class='ocrx_word' id='word_1_243' title='bbox 304 2213 350 2253; x_wconf 89' lang='lat' dir='ltr'>in</span> <span class='ocrx_word' id='word_1_244' title='bbox 381 2214 598 2253; x_wconf 88' lang='lat' dir='ltr'>familiam</span> <span class='ocrx_word' id='word_1_245' title='bbox 628 2226 756 2254; x_wconf 90' lang='lat' dir='ltr'>suam</span> <span class='ocrx_word' id='word_1_246' title='bbox 787 2215 1027 2266; x_wconf 66' lang='lat' dir='ltr'>recipiunt,</span> <span class='ocrx_word' id='word_1_247' title='bbox 1052 2216 1128 2267; x_wconf 84' lang='lat' dir='ltr'>alij</span> <span class='ocrx_word' id='word_1_248' title='bbox 1153 2215 1254 2267; x_wconf 87' lang='lat' dir='ltr'>alijs</span> <span class='ocrx_word' id='word_1_249' title='bbox 1275 2227 1358 2254; x_wconf 85' lang='lat' dir='ltr'>nos</span> <span class='ocrx_word' id='word_1_250' title='bbox 1378 2214 1623 2254; x_wconf 83' lang='lat' dir='ltr'>officiorum</span> <span class='ocrx_word' id='word_1_251' title='bbox 1650 2224 1721 2264; x_wconf 82' lang='lat' dir='ltr'>ge-</span> 
     </span>
     <span class='ocr_line' id='line_1_31' title="bbox 86 2278 1720 2332; baseline 0 -15"><span class='ocrx_word' id='word_1_252' title='bbox 86 2278 270 2318; x_wconf 90' lang='lat' dir='ltr'>neribus</span> <span class='ocrx_word' id='word_1_253' title='bbox 298 2279 526 2319; x_wconf 87' lang='lat' dir='ltr'>cumulare</span> <span class='ocrx_word' id='word_1_254' title='bbox 557 2280 775 2321; x_wconf 87' lang='lat' dir='ltr'>laborant.</span> <span class='ocrx_word' id='word_1_255' title='bbox 807 2280 891 2320; x_wconf 86' lang='lat' dir='ltr'>Sed</span> <span class='ocrx_word' id='word_1_256' title='bbox 923 2293 977 2320; x_wconf 88' lang='lat' dir='ltr'>ne</span> <span class='ocrx_word' id='word_1_257' title='bbox 1008 2281 1183 2332; x_wconf 81' lang='lat' dir='ltr'>legendi</span> <span class='ocrx_word' id='word_1_258' title='bbox 1215 2293 1337 2320; x_wconf 90' lang='lat' dir='ltr'>mora</span> <span class='ocrx_word' id='word_1_259' title='bbox 1372 2279 1606 2319; x_wconf 85' lang='lat' dir='ltr'>fastidiosa</span> <span class='ocrx_word' id='word_1_260' title='bbox 1635 2281 1720 2317; x_wconf 92' lang='lat' dir='ltr'>tra—</span> 
     </span>
     <span class='ocr_line' id='line_1_32' title="bbox 87 2343 1720 2398; baseline 0.001 -16"><span class='ocrx_word' id='word_1_261' title='bbox 87 2343 233 2391; x_wconf 84' lang='lat' dir='ltr'>hatur,</span> <span class='ocrx_word' id='word_1_262' title='bbox 279 2343 471 2395; x_wconf 81' lang='lat' dir='ltr'>longiori</span> <span class='ocrx_word' id='word_1_263' title='bbox 519 2344 713 2384; x_wconf 89' lang='lat' dir='ltr'>dictione</span> <span class='ocrx_word' id='word_1_264' title='bbox 756 2347 1160 2396; x_wconf 87' lang='lat' dir='ltr'>supersedebimus.</span> <span class='ocrx_word' id='word_1_265' title='bbox 1200 2346 1384 2398; x_wconf 72' lang='lat' dir='ltr'>[Hermu</span> <span class='ocrx_word' id='word_1_266' title='bbox 1428 2346 1720 2396; x_wconf 64' lang='lat' dir='ltr'>exiguitatem</span> 
     </span>
     <span class='ocr_line' id='line_1_33' title="bbox 85 2410 1622 2462; baseline 0 -14"><span class='ocrx_word' id='word_1_267' title='bbox 85 2410 254 2459; x_wconf 79' lang='lat' dir='ltr'>fatetur</span> <span class='ocrx_word' id='word_1_268' title='bbox 283 2411 322 2449; x_wconf 80' lang='lat' dir='ltr'>et</span> <span class='ocrx_word' id='word_1_269' title='bbox 348 2423 498 2460; x_wconf 78' lang='lat' dir='ltr'>preces</span> <span class='ocrx_word' id='word_1_270' title='bbox 525 2410 757 2462; x_wconf 58' lang='lat' dir='ltr'>postulat}</span> <span class='ocrx_word' id='word_1_271' title='bbox 792 2411 1012 2462; x_wconf 86' lang='lat' dir='ltr'>Monachij</span> <span class='ocrx_word' id='word_1_272' title='bbox 1045 2411 1244 2451; x_wconf 86' lang='lat' dir='ltr'>calendis</span> <span class='ocrx_word' id='word_1_273' title='bbox 1276 2410 1470 2460; x_wconf 87' lang='lat' dir='ltr'>Ianuarij</span> <span class='ocrx_word' id='word_1_274' title='bbox 1506 2410 1622 2448; x_wconf 69' lang='lat'>1562.</span> 
     </span>
     <span class='ocr_line' id='line_1_34' title="bbox 194 2473 1400 2517; baseline 0.002 -5"><span class='ocrx_word' id='word_1_275' title='bbox 194 2473 308 2515; x_wconf 62' lang='lat' dir='ltr'>Rdae</span> <span class='ocrx_word' id='word_1_276' title='bbox 338 2475 625 2515; x_wconf 76' lang='lat' dir='ltr'>paternitatis</span> <span class='ocrx_word' id='word_1_277' title='bbox 656 2477 758 2515; x_wconf 89' lang='lat' dir='ltr'>tuae</span> <span class='ocrx_word' id='word_1_278' title='bbox 788 2476 908 2516; x_wconf 83' lang='lat' dir='ltr'>filius</span> <span class='ocrx_word' id='word_1_279' title='bbox 939 2477 984 2516; x_wconf 90' lang='lat' dir='ltr'>in</span> <span class='ocrx_word' id='word_1_280' title='bbox 1015 2476 1146 2517; x_wconf 86' lang='lat' dir='ltr'>Chro.</span> <span class='ocrx_word' id='word_1_281' title='bbox 1170 2476 1400 2516; x_wconf 90' lang='lat' dir='ltr'>minimus.</span> 
     </span>
    </p>
   </div>
   <div class='ocr_carea' id='block_1_3' title="bbox 1194 2559 1661 2599">
    <p class='ocr_par' dir='ltr' id='par_1_3' title="bbox 1194 2559 1661 2599">
     <span class='ocr_line' id='line_1_35' title="bbox 1194 2559 1661 2599; baseline -0.002 0"><span class='ocrx_word' id='word_1_282' title='bbox 1194 2561 1386 2599; x_wconf 71' lang='lat' dir='ltr'>IOANNEs</span> <span class='ocrx_word' id='word_1_283' title='bbox 1417 2559 1602 2599; x_wconf 68' lang='lat' dir='ltr'>Dmsms</span> <span class='ocrx_word' id='word_1_284' title='bbox 1632 2560 1661 2598; x_wconf 78' lang='lat'>².</span> 
     </span>
    </p>
   </div>
   <div class='ocr_carea' id='block_1_4' title="bbox 190 2648 1391 2699">
    <p class='ocr_par' dir='ltr' id='par_1_4' title="bbox 190 2648 1391 2699">
     <span class='ocr_line' id='line_1_36' title="bbox 190 2648 1391 2699; baseline 0.002 -13"><span class='ocrx_word' id='word_1_285' title='bbox 190 2648 451 2698; x_wconf 74' lang='lat' dir='ltr'>Inscriptio.</span> <span class='ocrx_word' id='word_1_286' title='bbox 486 2648 571 2687; x_wconf 91' lang='lat' dir='ltr'>Pro</span> <span class='ocrx_word' id='word_1_287' title='bbox 601 2649 835 2699; x_wconf 88' lang='lat' dir='ltr'>prouincia</span> <span class='ocrx_word' id='word_1_288' title='bbox 866 2649 1020 2689; x_wconf 91' lang='lat' dir='ltr'>Italiae</span> <span class='ocrx_word' id='word_1_289' title='bbox 1050 2650 1159 2689; x_wconf 83' lang='lat' dir='ltr'>citra</span> <span class='ocrx_word' id='word_1_290' title='bbox 1192 2649 1391 2689; x_wconf 84' lang='lat' dir='ltr'>Romam.</span> 
     </span>
    </p>
   </div>
   <div class='ocr_carea' id='block_1_5' title="bbox 147 2782 908 2825">
    <p class='ocr_par' dir='ltr' id='par_1_5' title="bbox 147 2782 908 2825">
     <span class='ocr_line' id='line_1_37' title="bbox 147 2782 908 2825; baseline 0.004 -12"><span class='ocrx_word' id='word_1_291' title='bbox 147 2789 165 2808; x_wconf 82' lang='lat' dir='ltr'>a</span> <span class='ocrx_word' id='word_1_292' title='bbox 185 2782 370 2814; x_wconf 88' lang='lat' dir='ltr'>tumultus</span> <span class='ocrx_word' id='word_1_293' title='bbox 393 2801 433 2805; x_wconf 90' lang='lat'><strong>—</strong></span> <span class='ocrx_word' id='word_1_294' title='bbox 455 2783 686 2816; x_wconf 84' lang='lat' dir='ltr'>extrudendo</span> <span class='ocrx_word' id='word_1_295' title='bbox 709 2784 753 2815; x_wconf 78' lang='lat' dir='ltr'>in</span> <span class='ocrx_word' id='word_1_296' title='bbox 780 2794 908 2825; x_wconf 38' lang='lat' dir='ltr'>marcq.</span> 
     </span>
    </p>
   </div>
   <div class='ocr_carea' id='block_1_6' title="bbox 84 2905 1717 3110">
    <p class='ocr_par' dir='ltr' id='par_1_6' title="bbox 148 2905 1266 2950">
     <span class='ocr_line' id='line_1_38' title="bbox 148 2905 1266 2950; baseline 0.004 -13"><span class='ocrx_word' id='word_1_297' title='bbox 148 2907 157 2924; x_wconf 91' lang='lat'>¹</span> <span class='ocrx_word' id='word_1_298' title='bbox 182 2905 233 2938; x_wconf 84' lang='lat' dir='ltr'>Cf.</span> <span class='ocrx_word' id='word_1_299' title='bbox 258 2906 354 2939; x_wconf 72' lang='lat' dir='ltr'>Litt.</span> <span class='ocrx_word' id='word_1_300' title='bbox 383 2906 590 2946; x_wconf 69' lang='lat' dir='ltr'>Quadrima.</span> <span class='ocrx_word' id='word_1_301' title='bbox 615 2907 675 2947; x_wconf 85' lang='lat' dir='ltr'>VI,</span> <span class='ocrx_word' id='word_1_302' title='bbox 701 2909 854 2944; x_wconf 55' lang='lat'>719520:</span> <span class='ocrx_word' id='word_1_303' title='bbox 880 2910 915 2941; x_wconf 87' lang='lat' dir='ltr'>et</span> <span class='ocrx_word' id='word_1_304' title='bbox 939 2910 1113 2950; x_wconf 82' lang='lat' dir='ltr'>superius</span> <span class='ocrx_word' id='word_1_305' title='bbox 1136 2919 1170 2950; x_wconf 92' lang='lat' dir='ltr'>p.</span> <span class='ocrx_word' id='word_1_306' title='bbox 1195 2910 1266 2941; x_wconf 73' lang='grc' dir='ltr'>υ257.</span> 
     </span>
    </p>

    <p class='ocr_par' dir='ltr' id='par_1_7' title="bbox 84 2960 1717 3110">
     <span class='ocr_line' id='line_1_39' title="bbox 145 2960 1717 3004; baseline 0.003 -12"><span class='ocrx_word' id='word_1_307' title='bbox 145 2961 158 2979; x_wconf 76' lang='lat'>²</span> <span class='ocrx_word' id='word_1_308' title='bbox 181 2960 232 2992; x_wconf 89' lang='lat' dir='ltr'>De</span> <span class='ocrx_word' id='word_1_309' title='bbox 255 2961 434 3002; x_wconf 84' lang='lat' dir='ltr'>epistolae</span> <span class='ocrx_word' id='word_1_310' title='bbox 458 2962 608 2994; x_wconf 88' lang='lat' dir='ltr'>auctore</span> <span class='ocrx_word' id='word_1_311' title='bbox 631 2961 683 2994; x_wconf 86' lang='lat' dir='ltr'>Cf.</span> <span class='ocrx_word' id='word_1_312' title='bbox 708 2962 832 3004; x_wconf 71' lang='lat' dir='ltr'>Epist.</span> <span class='ocrx_word' id='word_1_313' title='bbox 857 2962 901 2994; x_wconf 89' lang='lat' dir='ltr'>P.</span> <span class='ocrx_word' id='word_1_314' title='bbox 926 2963 1074 2999; x_wconf 78' lang='lat' dir='ltr'>Nadal,</span> <span class='ocrx_word' id='word_1_315' title='bbox 1100 2963 1145 3002; x_wconf 87' lang='grc' dir='ltr'>ΙΙ,</span> <span class='ocrx_word' id='word_1_316' title='bbox 1170 2964 1242 2995; x_wconf 82' lang='grc'>561.</span> <span class='ocrx_word' id='word_1_317' title='bbox 1268 2962 1383 2995; x_wconf 77' lang='lat' dir='ltr'>Notae</span> <span class='ocrx_word' id='word_1_318' title='bbox 1421 2963 1507 2995; x_wconf 87' lang='lat' dir='ltr'>illae</span> <span class='ocrx_word' id='word_1_319' title='bbox 1540 2964 1717 2996; x_wconf 79' lang='lat' dir='ltr'>videntur</span> 
     </span>
     <span class='ocr_line' id='line_1_40' title="bbox 84 3013 1717 3057; baseline 0.002 -12"><span class='ocrx_word' id='word_1_320' title='bbox 84 3013 245 3054; x_wconf 87' lang='lat' dir='ltr'>scriptae</span> <span class='ocrx_word' id='word_1_321' title='bbox 268 3023 366 3046; x_wconf 91' lang='lat' dir='ltr'>anno</span> <span class='ocrx_word' id='word_1_322' title='bbox 390 3015 482 3047; x_wconf 85' lang='lat'>1566.</span> <span class='ocrx_word' id='word_1_323' title='bbox 507 3014 609 3047; x_wconf 90' lang='lat' dir='ltr'>Obiit</span> <span class='ocrx_word' id='word_1_324' title='bbox 632 3015 670 3047; x_wconf 91' lang='lat' dir='ltr'>P.</span> <span class='ocrx_word' id='word_1_325' title='bbox 695 3016 842 3048; x_wconf 91' lang='lat' dir='ltr'>Dirsius</span> <span class='ocrx_word' id='word_1_326' title='bbox 866 3016 1072 3057; x_wconf 88' lang='lat' dir='ltr'>Oeniponte</span> <span class='ocrx_word' id='word_1_327' title='bbox 1095 3017 1135 3048; x_wconf 63' lang='lat'>29</span> <span class='ocrx_word' id='word_1_328' title='bbox 1157 3016 1323 3048; x_wconf 86' lang='lat' dir='ltr'>Ianuarii</span> <span class='ocrx_word' id='word_1_329' title='bbox 1356 3016 1447 3048; x_wconf 76' lang='lat'>1569.</span> <span class='ocrx_word' id='word_1_330' title='bbox 1473 3016 1524 3049; x_wconf 88' lang='lat' dir='ltr'>Cf.</span> <span class='ocrx_word' id='word_1_331' title='bbox 1551 3016 1717 3049; x_wconf 73' lang='lat' dir='ltr'>BRAUNs-</span> 
     </span>
     <span class='ocr_line' id='line_1_41' title="bbox 84 3067 976 3110; baseline 0.004 -12"><span class='ocrx_word' id='word_1_332' title='bbox 84 3075 242 3099; x_wconf 81' lang='lat' dir='ltr'>BERGER:</span> <span class='ocrx_word' id='word_1_333' title='bbox 266 3067 311 3100; x_wconf 88' lang='lat' dir='ltr'>B.</span> <span class='ocrx_word' id='word_1_334' title='bbox 337 3067 447 3100; x_wconf 77' lang='lat' dir='ltr'>Petri</span> <span class='ocrx_word' id='word_1_335' title='bbox 474 3067 632 3100; x_wconf 79' lang='lat' dir='ltr'>Cam&#39;sii</span> <span class='ocrx_word' id='word_1_336' title='bbox 654 3068 794 3110; x_wconf 65' lang='lat' dir='ltr'>Epist„</span> <span class='ocrx_word' id='word_1_337' title='bbox 819 3069 879 3109; x_wconf 90' lang='lat' dir='ltr'>VI,</span> <span class='ocrx_word' id='word_1_338' title='bbox 904 3070 976 3102; x_wconf 68' lang='lat'>245.</span> 
     </span>
    </p>
   </div>
  </div>
 </body>
</html>
