2099 3516
514 304 594 339 49⁰2.
622 324 664 329 —
693 304 900 340 TREVERIS
929 304 971 339 16
998 304 1227 340 FEBRUARH
1256 304 1341 339 1561
1636 305 1697 340 107

121 421 251 460 nobis
281 424 518 469 constaret,
552 424 643 461 tum
688 422 878 462 maxime
908 434 962 461 ne
998 409 1166 462 fructus
1208 422 1283 461 ille
1313 422 1430 472 apud
1476 422 1638 461 multos
1669 422 1746 460 mi-

121 487 344 532 nueretur,
377 486 453 536 qui
484 498 509 524 a
539 486 704 526 nostris
733 488 1001 537 expectatur.

197 550 235 589 8.
272 550 475 601 Magnam
506 562 558 589 ex
589 551 850 590 monialium
895 551 1177 602 monasteriJs
1221 551 1577 590 beneuolentiam
1618 550 1747 589 nobis

119 614 411 654 conciliamus
449 623 488 661 ³,
507 616 624 666 quod
656 616 845 655 subinde
876 616 921 655 in
951 628 1102 655 eorum
1133 616 1333 666 ecclesijs
1367 628 1541 655 sacrum
1586 615 1747 654 missae

119 678 311 718 officium
355 680 641 730 celebremus,
687 693 775 732 quo
817 681 985 732 alioqui
1030 683 1207 731 propter
1236 680 1513 720 sacerdotum
1550 680 1745 730 inopiam

119 755 247 794 aegre
278 744 517 784 admodum
549 757 695 785 carere
723 748 1000 797 cogerentur.
1033 746 1172 785 Multo
1202 747 1349 784 tamen
1388 745 1598 784 maiorem
1630 744 1746 795 apud

120 807 240 847 ciues
271 809 460 859 gratiam
493 810 726 857 iniremus,
758 811 795 850 si
828 811 1261 850 administrationem
1293 810 1525 850 cuiusdam
1559 810 1748 849 celeber-

120 872 256 912 rimae
305 874 565 924 parrochiae
612 876 836 926 suscipere
880 876 1109 921 vellemus,
1155 888 1268 927 quae
1313 875 1505 927 profecto
1548 875 1617 913 sui
1654 875 1748 925 pul-

119 936 371 978 chritudine
401 950 450 978 ac
480 939 565 978 loci
595 941 907 980 commoditate
937 942 1105 991 (utpote
1148 940 1336 991 collegio
1384 940 1599 990 proxima,
1631 942 1671 979 et
1702 939 1747 978 in

120 1002 214 1041 foro
245 1003 389 1043 medio
419 1004 520 1048 sita)
544 1017 626 1044 nos
657 1005 846 1045 invitare
878 1006 1065 1046 videtur.
1089 1005 1173 1045 Sed
1194 1005 1407 1057 quoniam
1438 1007 1603 1044 norunt
1627 1005 1748 1044 ciues

120 1078 201 1106 nos
247 1069 513 1118 pastoralem
543 1082 692 1110 curam
739 1081 831 1110 non
870 1071 1109 1121 suscipere
1142 1083 1355 1122 perquam
1399 1070 1590 1121 benigne
1620 1070 1750 1109 nobis

120 1131 269 1172 claues
311 1134 522 1174 ecclesiae
565 1136 838 1179 obtulerunt,
884 1138 1081 1186 petentes
1125 1139 1173 1175 ut
1202 1136 1529 1175 commoditatis
1572 1137 1749 1174 nostrae

120 1197 290 1237 ratione
319 1199 488 1246 habita,
520 1201 788 1252 quandoque
818 1201 864 1240 in
894 1213 944 1240 ea
974 1201 1195 1243 celebrare
1239 1201 1468 1245 vellemus,
1499 1200 1617 1252 quod
1648 1212 1747 1239 cum

120 1261 322 1310 facimus,
353 1276 453 1303 cum
484 1277 646 1316 magna
675 1266 927 1313 deuotione,
974 1266 1225 1317 frequentes
1268 1266 1491 1305 intersunt
1523 1277 1671 1312 sacro3
1705 1265 1747 1303 id

118 1327 237 1377 quod
268 1327 378 1378 ipsis
408 1329 670 1370 invsitatum
703 1332 841 1370 multo
871 1333 972 1370 ante
1002 1333 1196 1382 tempore
1226 1331 1325 1371 fuit.

198 1394 236 1433 9.
271 1394 397 1444 Quod
430 1407 531 1436 vero
560 1396 615 1435 ad
646 1396 966 1436 habitationem
1012 1399 1209 1436 nostram
1239 1399 1281 1436 et
1311 1396 1530 1447 gymnasi]
1568 1396 1748 1435 domum

119 1458 292 1507 attinet,
324 1472 555 1511 speramus
592 1462 715 1501 breui
760 1464 975 1509 futurum,
1008 1464 1057 1501 ut
1086 1462 1243 1501 maiori
1290 1461 1605 1501 commoditate
1635 1461 1751 1500 frua·

120 1535 233 1571 mur,
257 1537 359 1565 nam
390 1538 489 1566 cum
512 1527 642 1567 aedes
671 1527 861 1577 quedam
891 1539 991 1567 cum
1022 1527 1164 1566 hortis
1194 1527 1310 1566 intra
1340 1527 1519 1566 domum
1552 1528 1749 1566 nostram

120 1592 159 1628 et
192 1591 474 1642 gymnasium
520 1591 775 1632 interiectae
817 1592 923 1639 sint,
956 1605 1069 1644 quae
1112 1593 1243 1632 modo
1278 1604 1360 1632 nos
1403 1604 1479 1643 per
1521 1591 1750 1642 publicum

119 1656 175 1695 ad
205 1657 383 1696 scholas
412 1657 588 1707 prodire
619 1656 636 1683 b
667 1660 846 1709 cogunt,
879 1658 1113 1697 consulum
1144 1657 1342 1698 ciuitatis
1384 1669 1516 1708 opera
1546 1656 1749 1696 effectum

120 1723 201 1763 est.
235 1724 282 1761 ut
312 1723 585 1772 permedium
616 1723 795 1763 hortum
826 1723 939 1763 liber
968 1723 1097 1763 nobis
1127 1723 1181 1763 ad
1212 1723 1495 1774 gymnasium
1535 1723 1752 1762 transitus

122 1789 281 1837 pateat.
315 1787 401 1828 Nec
432 1790 579 1828 tamen
609 1788 852 1828 diffidimus
881 1788 991 1840 quin
1021 1789 1145 1828 breui
1180 1789 1312 1828 aedes
1341 1789 1423 1828 has
1465 1800 1564 1828 cum
1609 1787 1752 1827 hortis

121 1855 273 1892 nostro
312 1854 500 1905 collegio
546 1855 670 1893 R.¹¹¹¹¹³·
700 1854 1063 1905 archiepiscopus
1105 1854 1347 1905 adiungere
1390 1854 1560 1893 debeat.
1608 1854 1752 1904 Atque

120 1918 228 1957 haec
257 1921 377 1966 sunt,
411 1918 506 1958 Rfle
533 1922 574 1959 et
603 1920 880 1959 obseruande
911 1919 957 1958 in
1001 1919 1114 1970 Xpo.
1148 1919 1291 1966 Pater,
1333 1931 1446 1970 quae
1484 1919 1537 1958 de
1575 1918 1748 1969 collegij

122 1984 391 2023 treuerensis
435 1985 564 2024 initio
608 1985 843 2025 scribenda
872 1996 967 2024 esse
997 1985 1223 2032 duximus,
1269 1984 1387 2035 quod
1422 1984 1753 2035 precationibus

123 2049 174 2089 R.
193 2052 294 2089 tuae
315 2049 595 2101 aliorumque
616 2050 814 2090 omnium
840 2050 1019 2089 Patrum
1042 2052 1083 2089 et
1104 2050 1290 2089 fratrum
1320 2061 1452 2101 quam
1475 2049 1752 2089 commenda-

123 2114 346 2155 tissimum
378 2127 475 2154 esse
506 2115 788 2155 vehementer
829 2115 1149 2160 desideramus,
1183 2118 1230 2155 ut
1268 2115 1549 2155 orationibus
1592 2114 1753 2154 vestris

122 2180 460 2227 adiuuantibus,
493 2181 609 2220 hanc
639 2181 740 2232 Xpi.
774 2181 965 2222 vineam.
999 2193 1023 2220 a
1054 2181 1158 2220 feris
1188 2180 1394 2231 pessimis
1424 2192 1534 2231 pene
1564 2181 1751 2220 deletam

121 2256 222 2284 cum
255 2257 414 2296 magna
445 2246 583 2285 totius
612 2246 822 2285 ecclesiae
867 2246 1056 2285 Vtilitate
1086 2254 1100 2272 ⁰·
1134 2246 1332 2286 excolere
1377 2246 1618 2286 valeamus.
1650 2246 1754 2285 Tre-

124 2310 242 2349 ueris
272 2322 325 2349 ex
355 2311 543 2362 collegio
573 2310 808 2350 Societatis
839 2312 888 2350 16
919 2311 1144 2362 Februarij
1178 2323 1296 2351 anno
1329 2312 1444 2352 1561.
1469 2311 1531 2350 Ex
1551 2311 1753 2350 commis—

122 2375 248 2415 sione
290 2375 377 2416 ΒΑΗ
422 2376 565 2416 Patris
614 2377 823 2416 Rectoris.
876 2376 1161 2416 Reuerendae
1193 2377 1239 2415 P.
1273 2377 1321 2416 T.
1355 2377 1569 2427 indignus
1616 2376 1750 2415 filius.

1024 2520 1283 2559 BAanxus
1314 2530 1370 2559 AB
1402 2520 1586 2559 Axossto
1619 2523 1644 2558 ².

187 2712 203 2730 a
233 2703 713 2736 EmemLeoeconsiliamus.
740 2724 777 2726 —
802 2705 819 2731 h
836 2707 922 2745 Sors.
948 2705 1058 2737 delet.
1082 2704 1237 2736 faciunt.
1262 2723 1294 2725 —
1325 2712 1339 2730 (⁵
1363 2704 1494 2735 vtitate
1520 2714 1588 2734 ms.

190 2868 197 2884 ¹
223 2865 451 2898 Leodiensis.
477 2866 570 2898 Vide
593 2865 738 2897 Laim'i
761 2866 934 2898 Monam.
960 2867 983 2898 l.
1008 2875 1038 2898 c.
1063 2867 1124 2898 :370
1146 2867 1179 2898 et
1205 2866 1329 2907 Epist.
1359 2866 1401 2897 P.
1434 2865 1580 2898 Xadal.
1614 2864 1657 2896 ll.
1682 2864 1755 2895 5422.
