2099 3516
383 263 452 300 498
852 259 1056 295 LITTERAE
1083 256 1427 300 QUADRIMESTRES

337 394 388 422 ac
418 382 591 433 pietate,
624 379 883 419 facultatum
913 375 1139 427 gradibus,
1171 373 1218 411 ut
1247 371 1475 416 ornentur,
1512 366 1655 407 meriti
1686 365 1871 413 fuerint;
1904 377 1957 405 ea

338 459 445 487 sane
474 448 540 486 551
567 443 816 485 communis
845 441 1040 493 plurium
1078 437 1329 488 sapientum
1367 432 1601 479 sententia,
1633 433 1682 471 ut
1710 442 1800 470 non
1829 430 1958 469 dubi-

338 514 445 559 tent,
477 510 583 562 quin
616 509 674 548 sit
701 508 896 558 vndique
927 515 1113 555 magnus
1143 503 1229 541 huc
1258 500 1312 539 ad
1343 510 1439 547 nOS,
1471 497 1608 537 totius
1632 496 1764 535 etiam
1793 494 1957 534 nobili-

339 576 443 616 tatis
473 575 649 615 futurus
677 583 919 612 concursus
950 573 986 617 13
1019 567 1218 617 illudque
1247 564 1402 604 diuino
1432 562 1609 601 tandem
1640 560 1791 600 fauore
1821 559 1958 598 maxi-

342 653 409 680 me
439 641 636 680 futurum
679 648 865 688 sperem,
897 637 955 683 vt,
989 633 1057 673 vel
1088 633 1169 671 hac
1212 630 1303 669 sola
1349 627 1519 667 ratione
1561 628 1603 665 et
1640 625 1819 665 solertia
1861 624 1955 671 1113,

340 718 427 757 qua
458 704 653 744 Societas
683 703 835 741 nostra
865 699 1049 739 minima
1068 705 1101 745 ἃ,
1125 696 1194 746 pie
1224 695 1270 733 in
1300 694 1383 732 hoc
1412 703 1570 743 genere
1590 689 1834 729 officiorum
1856 699 1961 738 erga

340 770 585 810 studiosam
616 768 893 807 iuuentutem
924 764 1074 809 vtitur,
1108 760 1271 800 multae
1314 756 1632 797 haereticorum
1679 754 1825 794 scolae
1866 755 1958 792 stu-

341 835 480 874 diosis
520 832 832 876 destituantur,
864 841 914 868 ac
943 838 1124 879 prorsus
1167 823 1405 867 desolatae,
1438 823 1486 861 ut
1515 832 1594 871 par
1636 821 1716 867 551,
1762 818 1957 865 13553111,

342 899 397 938 311
426 909 552 949 quas,
584 896 720 947 proch
752 894 844 947 [sic]
876 894 1016 940 dolor,
1049 903 1138 929 non
1169 889 1299 928 modo
1342 886 1493 926 uariae
1536 885 1705 924 farinae
1738 883 1959 929 homines,

342 963 418 1004 sed
449 961 645 1013 primarij
677 970 853 1011 quoque
883 957 982 1004 viri,
1014 955 1090 1007 qui
1119 951 1326 994 catholici
1348 953 1387 990 et
1409 961 1505 990 esse
1534 951 1575 989 et
1604 948 1757 988 haberi
1786 947 1959 993 volunt,

342 1039 430 1068 non
475 1025 694 1066 secundos
742 1023 981 1073 tertiosque
1024 1020 1154 1065 filios,
1199 1017 1275 1057 sed
1318 1014 1638 1066 primogenitos
1680 1012 1813 1052 etiam
1856 1022 1962 1051 suos

342 1092 552 1142 Vndique,
583 1101 740 1141 parum
769 1087 1096 1136 circumspecte,
1128 1082 1276 1122 nescio
1302 1092 1414 1132 quas
1443 1080 1499 1119 oh
1528 1078 1741 1130 paruulas
1772 1087 1963 1116 commo-

344 1157 520 1202 ditates,
556 1155 751 1194 mittunt.
797 1152 947 1203 Neque
989 1149 1140 1189 vident
1169 1147 1235 1187 illi
1265 1157 1386 1192 sane,
1419 1156 1551 1195 quam
1583 1143 1674 1182 sint
1702 1154 1755 1181 ex
1785 1142 1868 1181 hoc
1897 1141 1963 1180 in-

346 1221 494 1273 gentia
527 1220 820 1259 subsecutura
858 1216 987 1255 mala.
1029 1214 1141 1254 Sunt
1170 1212 1288 1251 enim
1318 1211 1477 1249 horum
1506 1207 1756 1259 principum
1786 1206 1866 1257 filij
1898 1205 1961 1253 hi,

345 1286 422 1338 qui
452 1285 559 1325 olim
590 1284 653 1335 (ut
684 1283 766 1322 fert
795 1281 930 1321 huius
959 1278 1124 1319 saeculi
1154 1287 1344 1327 nequam
1366 1273 1578 1320 conditio)
1609 1271 1783 1312 tametsi
1813 1271 1964 1321 depra-

345 1350 434 1401 uatj
468 1349 667 1389 moribus
695 1349 737 1387 et
766 1347 849 1386 fide
880 1345 1043 1385 tuerint
1068 1343 1101 1390 b,
1133 1342 1365 1382 ciuitatum
1409 1341 1572 1386 13111511,
1618 1336 1961 1388 prouintiaru1n‚

347 1415 577 1466 regionum
607 1413 776 1464 apicem
805 1411 1071 1459 clauumque
1100 1407 1338 1447 tenuerunt
1366 1412 1396 1444 ⁰.

428 1479 490 1518 11.
524 1478 642 1517 Haec
671 1476 802 1523 mala,
833 1475 952 1526 quia,
985 1472 1131 1523 quoad
1156 1470 1248 1510 fieri
1279 1469 1453 1520 poterit,
1476 1468 1548 1507 uel
1569 1466 1745 1506 sublata
1765 1465 1963 1511 omnino,

349 1544 420 1584 uel
449 1542 640 1582 maxima
660 1541 817 1581 saltem
837 1552 889 1579 ex
911 1541 1032 1590 parte
1054 1536 1262 1587 impedita
1283 1535 1560 1584 exoptamus,
1583 1532 1630 1571 in
1659 1531 1772 1570 illud
1802 1540 1964 1569 neruos

349 1619 502 1648 omnes
543 1609 719 1646 nostros
761 1604 1048 1649 intendimus,
1080 1603 1128 1641 ut
1170 1603 1213 1640 et
1254 1598 1425 1649 collegij
1459 1598 1595 1637 huius
1627 1595 1967 1636 exercitamenta

349 1672 545 1713 literaria
575 1671 665 1711 sint
693 1682 826 1721 quam
855 1669 1019 1719 optime
1054 1666 1339 1717 pijssimeque
1372 1663 1467 1703 fieri
1496 1664 1642 1713 queat,
1674 1659 1895 1706 instituta,
1926 1660 1969 1698 et

347 1736 681 1777 commoditates
710 1735 823 1774 aliae
853 1733 1068 1784 plurimae
1097 1730 1310 1770 studiosis
1334 1729 1422 1768 huc
1450 1726 1777 1767 confluentibus
1807 1735 1965 1774 suppe-
2025 1730 2029 1735 ’

350 1804 446 1842 13111
466 1801 793 1840 habitationum
816 1799 1117 1843 honestarum,
1136 1796 1350 1835 librorum
1367 1795 1499 1844 atque
1514 1801 1820 1842 expensarum.
1843 1789 1969 1828 Hanc

351 1878 442 1906 rem
463 1866 514 1906 D.
538 1864 806 1905 Ferdinandi
829 1862 974 1914 primi,
997 1861 1165 1901 domini
1188 1859 1327 1899 nostri
1349 1870 1398 1897 ac
1421 1857 1592 1909 patroni
1618 1853 1967 1901 clementissimi,

352 1932 543 1983 insignis
574 1931 727 1982 pietas,
750 1929 958 1979 zelusque
989 1926 1257 1966 orthodoxae
1279 1923 1510 1975 religionis
1531 1920 1766 1973 erigendae
1795 1931 1845 1959 ac
1876 1931 1971 1970 pro-

353 1996 596 2047 pagandae,
629 2006 718 2034 non
747 2005 902 2045 parum
934 1992 1207 2043 promouent.
1232 1990 1284 2029 Et
1303 1991 1409 2029 sunt
1428 1999 1550 2035 sane,
1573 1987 1663 2026 Deo
1684 1986 1798 2032 laus,
1829 1984 1970 2024 eidem

353 2074 378 2101 a
406 2060 608 2112 consiliJ’s
628 2060 711 2099 viri
743 2058 956 2110 primarij,
988 2057 1150 2108 quibus
1181 2056 1288 2094 haec
1317 2055 1414 2105 ipsa
1448 2065 1531 2100 res,
1555 2051 1783 2102 nostrique
1818 2061 1972 2089 omnes

353 2128 553 2172 conatus,
585 2127 627 2164 et
655 2123 886 2175 approbati
917 2124 1036 2167 sunt,
1067 2123 1109 2160 et
1137 2120 1271 2160 cordi.
1296 2120 1448 2159 Dicam
1469 2118 1601 2158 etiam
1623 2116 1695 2156 hic
1715 2115 1834 2167 quod
1860 2114 1972 2154 ratio

354 2191 451 2241 ipsa
471 2190 640 2237 suadet,
663 2189 870 2240 quodque
891 2187 1050 2226 mirum
1072 2185 1304 2225 haereticis
1326 2183 1562 2230 videbitur,
1580 2194 1631 2221 ac
1651 2193 1812 2232 magno
1834 2179 1971 2219 animi

355 2255 520 2295 solacio
550 2254 610 2305 pij
642 2253 1073 2303 contemplabuntur.
1109 2251 1292 2289 Praebet
1320 2249 1514 2300 profecto
1544 2259 1633 2286 non
1664 2246 1725 2285 ita
1755 2257 1869 2291 raro,
1898 2256 1974 2283 no-

355 2319 424 2359 bis
455 2330 659 2370 magnam
681 2317 915 2369 quamdam
939 2328 1075 2366 spem,
1099 2316 1234 2355 huius
1254 2315 1316 2354 rei
1338 2312 1627 2365 perficiendae
1661 2309 1974 2350 serenissimus

356 2396 430 2424 rex
460 2383 803 2426 Maximilianus
826 2382 901 2432 qui
935 2383 981 2420 ut
1009 2380 1330 2420 humanissime
1351 2381 1526 2418 nostros
1546 2376 1744 2427 excipere
1764 2374 1876 2414 solet
1895 2386 1973 2425 pro

417 2563 436 2582 a
456 2556 584 2587 nostra
605 2554 692 2586 iter.
717 2554 762 2585 in
785 2562 855 2585 ms.
881 2571 920 2575 —
943 2552 961 2578 b
982 2552 1062 2584 Del.
1088 2561 1137 2584 se.
1163 2570 1201 2574 —
1225 2560 1239 2578 e
1265 2550 1431 2583 obscure
1459 2550 1671 2582 exaratum
1692 2547 1738 2578 in
1760 2554 1831 2578 ms.
1862 2544 1976 2577 Vide-

361 2610 427 2639 tur
449 2608 584 2648 script.
609 2607 768 2639 tenerfit.

421 2768 431 2786 ¹
454 2766 680 2798 Facultatem
714 2763 924 2796 conferendi
958 2763 1185 2795 academicos
1223 2762 1361 2803 gradus
1394 2761 1475 2793 suis
1508 2759 1670 2792 alumnis
1703 2757 1792 2790 Pius
1829 2756 1876 2790 IV
1912 2764 1977 2797 per

358 2819 473 2851 Breve
498 2831 513 2847 «
536 2818 678 2859 Exponi
712 2817 819 2849 nobis
843 2830 857 2844 »
883 2816 942 2848 die
977 2816 1015 2847 19
1037 2815 1197 2856 Augusti
1224 2816 1299 2846 1561
1325 2814 1453 2846 datum
1483 2813 1648 2854 collegiis
1671 2810 1870 2844 societatis
1892 2809 1976 2840 Iesu

359 2872 542 2904 concessit
564 2870 629 2911 (Cf.
654 2870 889 2902 [nstitutum
911 2869 994 2901 Soc.
1018 2868 1121 2906 Iesu,
1146 2868 1173 2904 Ι,
1198 2868 1327 2908 34-37);
1354 2867 1417 2899 sed
1440 2868 1519 2899 tum
1542 2865 1587 2898 ob
1610 2863 1900 2897 universitatum
1922 2861 1977 2893 in-

358 2924 510 2963 vidiam,
528 2925 606 2956 tum
623 2923 668 2955 ob
685 2922 930 2964 professorum
954 2921 1145 2959 defectum,
1164 2930 1298 2961 magna
1321 2920 1519 2961 prudentia
1535 2919 1574 2950 in
1590 2916 1777 2960 privilegii
1796 2925 1868 2948 usu
1884 2923 1976 2955 opus

359 2978 455 3011 erat:
481 2985 547 3009 nec
580 2976 800 3008 viennenses
824 2974 941 3006 nostri
976 2974 1043 3006 hoc
1076 2975 1238 3014 tempore
1272 2973 1334 3005 illo
1368 2972 1564 3014 privilegio
1596 2979 1684 3003 usos
1714 2977 1794 3002 esse
1817 2967 1974 3000 constat.

359 3030 410 3063 Cf.
436 3030 740 3067 BRAUNSBERGER,
766 3028 789 3060 l.
815 3036 858 3066 5.,
884 3027 948 3066 ΙΙΙ,
973 3027 1129 3065 144-1453
1156 3027 1235 3065 151;
1261 3026 1342 3063 3062
1368 3026 1517 3057 313-314.
