2099 3516
436 272 505 307 6722
908 272 1112 309 LITTERAE
1146 272 1490 317 QUAnfflMESTREs

1117 466 1227 513 603
1242 462 1295 491 bis

731 605 1102 655 MONACI-HO
1139 604 1492 654 AUTUMNO
1538 605 1655 654 1561

788 742 903 779 ORDO
930 752 1126 778 CLASSIUM
1156 753 1201 778 ET
1228 752 1563 778 PRAELECTlONUM
1592 742 1616 778 ¹.

494 860 523 909 ἢ
553 858 893 900 CATALOGUS
928 859 1254 899 LECTIONUM
1294 859 1363 898 ET
1402 857 1921 899 EXERCITATIONUM

390 924 514 974 QUAE
553 926 729 964 MONACI
758 936 803 964 IN
837 936 997 965 DUCALI
1037 925 1294 965 SOCIETATIS
1331 925 1438 965 JESU
1478 934 1692 964 COLLEGIO
1721 934 1808 964 Hoc
1838 935 2007 970 QUIDEM

392 990 490 1028 1561
532 1000 649 1029 ANNo
679 1000 787 1029 POST
818 1000 1122 1030 AUTUMNALEM
1152 1000 1410 1030 STUDIORUM
1440 999 1831 1029 INSTAURATIONEM
1860 1000 2005 1029 FIUNT.

497 1054 543 1092 IN
574 1065 733 1094 CLASSE
763 1065 1051 1094 RHETomcns.
1084 1054 1203 1104 Quae
1233 1056 1437 1094 externos
1466 1054 1600 1093 habet
1628 1054 1689 1094 13.

496 1119 615 1158 Hora
637 1120 853 1158 matutina
874 1120 1061 1170 septima
1082 1120 1319 1159 traduntur
1340 1121 1727 1170 progymnasmata
1749 1118 2005 1166 rhetoricae,

390 1183 553 1233 quibus
583 1184 736 1228 finitis,
768 1185 1002 1224 succedent
1031 1184 1255 1224 Ciceronis
1285 1184 1559 1235 partitiones.

496 1248 619 1287 Nona
663 1249 784 1290 hora.
816 1249 1047 1289 Orationes
1091 1261 1270 1300 graecae
1314 1249 1519 1288 Isocratis
1564 1250 1887 1299 proponuntur,
1936 1248 2010 1287 ad-

391 1312 539 1352 iuncta
569 1314 758 1353 subinde
787 1314 1073 1365 grammatica
1104 1326 1259 1365 graeca
1289 1313 1508 1353 Clenardi.
1556 1339 1557 1342 =

496 1377 601 1417 Post
630 1379 879 1428 prandium.
913 1379 1060 1418 Prima
1099 1379 1207 1418 hora
1251 1378 1518 1429 praelegitur
1558 1378 1762 1417 Justinus
1805 1377 2010 1417 historio-

390 1442 600 1492 graphus.

495 1506 696 1547 Secunda
726 1509 835 1547 hora
864 1509 1054 1548 traditur
1083 1509 1212 1548 tertia
1241 1508 1465 1548 Ciceronis
1496 1507 1752 1558 philippica.

496 1571 640 1611 Tertia
672 1573 780 1612 hora
823 1575 1081 1624 repetuntur
1123 1573 1332 1612 lectiones
1375 1575 1476 1612 ante
1518 1572 1668 1619 lectae,
1700 1574 1743 1611 et
1775 1571 2011 1623 diligenter

391 1637 715 1677 examinantur.

497 1702 576 1741 Die
606 1704 779 1742 veneris
808 1703 949 1754 prima
979 1704 1088 1742 hora
1117 1703 1339 1742 ordinarie
1369 1702 1638 1753 praelegitur
1663 1702 1830 1752 primae
1859 1703 1900 1740 et
1928 1701 2009 1740 2³2

390 1765 523 1805 classi
553 1767 848 1807 catechismus
877 1767 1145 1813 catholicus;

498 1831 615 1870 Hora
645 1832 707 1871 3.ἃ
728 1835 874 1871 autem
905 1832 1103 1871 eiusdem
1133 1832 1386 1882 disputatur
1414 1832 1461 1870 in
1491 1831 1724 1870 rhetorica.

497 1896 576 1935 Die
606 1897 812 1936 sabbathi
843 1909 970 1936 mane
1000 1897 1108 1936 hora
1140 1897 1280 1947 prima
1301 1897 1541 1936 lectionum
1572 1897 1829 1946 repetuntur
1857 1905 2010 1934 omnes

390 1960 602 2000 lectiones
631 1962 768 2001 totius
797 1962 1083 2012 septimanae.
1110 1962 1212 2000 Post
1241 1961 1474 2012 prandium
1497 1973 1601 2000 uero
1630 1961 1738 2000 hora
1770 1961 1830 1999 1.a
1850 1959 2010 1999 iterum

392 2025 641 2065 instituitur
669 2026 926 2077 disputatio.

496 2090 662 2130 Diebus
691 2091 927 2130 dominicis
956 2091 1201 2130 declamant
1234 2091 1383 2130 latine.

500 2156 548 2194 lx
578 2166 737 2196 CLASSE
767 2167 1085 2196 HUMANITATIS.
1119 2156 1239 2205 Quae
1268 2159 1472 2195 externos
1502 2156 1634 2195 habet
1662 2156 1727 2196 30.

498 2221 612 2260 Ante
634 2221 871 2272 prandium
903 2222 925 2260 7
954 2229 972 2247 ἃ
994 2221 1103 2260 hora
1123 2221 1332 2271 leguntur
1352 2220 1496 2260 Offitia
1518 2220 1629 2261 Cice.
1651 2223 1692 2260 et
1712 2220 1892 2260 libellus
1916 2219 2010 2270 qui-

389 2285 491 2324 dam
520 2286 771 2326 succinctus
800 2286 853 2325 de
873 2286 999 2336 copia
1019 2286 1252 2325 verborum
1273 2297 1323 2325 ac
1344 2298 1504 2334 rerum,
1527 2286 1603 2325 sed
1633 2284 1815 2324 alternis
1836 2285 2006 2324 diebus,

497 2350 623 2390 Nona
652 2351 761 2391 hora
790 2351 1054 2401 proponitur
1083 2351 1283 2401 syntaxis
1313 2351 1528 2401 quaedam
1560 2350 1778 2390 absoluta.

498 2416 601 2455 Post
640 2416 874 2466 prandium
919 2416 1028 2454 hora
1058 2416 1119 2455 La
1153 2415 1388 2454 traduntur
1429 2417 1659 2466 praecepta
1703 2414 2009 2465 grammatices

391 2491 571 2531 graecae
601 2480 821 2527 Clenardi,
849 2491 946 2519 cum
969 2479 1178 2530 adJuncta
1199 2479 1386 2530 epistola
1407 2491 1561 2531 graeca
1591 2479 1634 2519 S.
1658 2478 1810 2529 Basilij
1845 2478 2007 2529 Magni,

392 2544 465 2595 pia
494 2548 533 2584 et
565 2545 771 2596 eleganti.

452 2700 471 2717 a
490 2690 614 2722 Prius
637 2691 755 2732 prima
777 2690 850 2722 del.

454 2827 464 2845 ¹
488 2826 539 2858 Ex
562 2825 775 2867 apographo
797 2834 931 2857 coaevo
954 2825 993 2856 in
1017 2825 1094 2857 cod.
1123 2824 1250 2857 Germ.
1276 2824 1359 2860 142,
1384 2824 1407 2857 f.
1432 2825 1509 2861 224:
1535 2825 1639 2866 prius
1662 2824 1733 2856 243.
1751 2823 1898 2856 Similes
1914 2824 2011 2855 cata-

391 2879 465 2919 logi
489 2879 646 2910 aliorum
668 2878 905 2919 collegiorum
930 2877 1045 2909 videri
1069 2878 1225 2918 possunt
1247 2877 1344 2918 apud
1379 2877 1586 2909 PACHTLER:
1625 2876 1741 2908 Ratio
1777 2876 2009 2908 Studiorum

391 2933 426 2964 et
441 2931 716 2963 Institutione-s·
738 2930 1004 2963 scholasticae
1020 2929 1227 2962 Societacis
1242 2929 1337 2962 Jesn
1346 2939 1421 2971 per
1440 2929 1611 2962 German
1618 2930 1698 2961 iam
1715 2929 1808 2961 olim
1822 2929 2008 2969 vigentes,

392 2984 418 3023 I,
445 2985 514 3022 150,
540 2994 638 3026 sqq:
678 2984 802 3016 DUHR:
841 2983 912 3015 Die
949 2983 1113 3015 anesten
1149 2982 1434 3024 Studienplane
1465 2982 1532 3015 des
1554 2981 2011 3023 Jesuitenyymnasiums

390 3037 437 3068 in
461 3036 574 3069 Krjln.
