2099 3516
498 258 577 294 565.
604 280 650 284 —
676 260 895 296 MONACHIO
924 259 941 294 1
970 259 1226 295 SEPTEMBRIS
1255 260 1341 295 1561
1624 261 1694 297 475

188 376 227 415 6.
260 375 480 416 Numerus
509 378 816 417 confitentium
846 379 888 417 et
917 375 1342 417 communicantium
1373 379 1491 428 apud
1522 391 1618 425 nos,
1652 382 1741 418 tam

111 440 158 479 in
188 441 299 480 festo
343 441 671 488 Penthecostes,
704 454 838 493 quam
878 442 923 481 in
954 442 1273 493 Assumptione
1304 443 1395 482 Β.ἱίθ
1426 443 1625 493 Virginis
1657 445 1742 483 Ma-

111 505 217 553 riae,
249 517 339 544 non
382 506 640 557 infrequens
684 519 761 558 pro
805 507 975 546 ratione
1018 507 1155 546 huius
1184 507 1292 547 noui
1335 508 1508 559 collegii
1551 508 1648 548 fuit.
1691 509 1743 548 Et

110 570 239 620 pauci
282 573 520 610 occurrunt
563 572 661 611 festi
692 572 787 612 dies
829 572 994 623 quibus
1024 583 1114 611 non
1159 572 1328 611 externi
1373 572 1512 623 aliqui
1544 585 1568 612 a
1612 573 1743 612 nobis

110 646 281 674 sacram
320 635 564 686 percipiant
607 637 980 676 communionem.
1013 637 1156 676 Vnum
1202 637 1416 688 estquod
1463 638 1547 689 pijs
1578 638 1743 677 nostris

110 700 344 739 conatibus
374 700 656 751 potissimum
695 703 910 741 hactenus
940 702 1133 749 obsistit,
1167 702 1378 742 nimirum
1410 702 1608 753 iniquior
1636 715 1743 754 quo-

111 764 297 803 rundam
329 777 382 804 ex
424 766 541 805 clero
584 766 630 805 in
660 779 743 806 nos
772 767 950 806 animus
993 778 1045 805 ex
1076 766 1201 806 falsis
1241 767 1570 817 suspitionibus
1600 771 1641 807 et
1672 780 1743 807 ru—

110 829 321 879 moribus„
342 832 389 869 vt
417 831 562 877 credo,
586 832 822 881 profectus.
847 831 1085 882 Speramus
1107 834 1269 879 tamen,
1294 832 1485 871 Domino
1515 835 1740 883 operante,

109 905 290 945 syncere
332 906 407 934 eos
437 895 680 947 aliquando
723 896 955 936 Societatis
989 897 1254 946 procedendi
1286 897 1463 936 modum
1495 897 1742 937 intellectu-

110 970 197 1005 ros,
229 961 272 998 et
300 961 452 999 nostra
481 961 640 1000 deinde
669 961 817 1000 studia
856 961 1066 1000 omnibus
1095 962 1226 1000 etiam
1260 962 1403 1001 modis
1435 965 1739 1013 prouecturos.

110 1023 185 1062 Est
227 1024 465 1075 collegium
509 1025 592 1065 hoc
634 1026 900 1066 afflictorum
943 1028 984 1065 et
1027 1027 1328 1066 desolatorum
1371 1027 1569 1066 omnium
1602 1028 1742 1067 ueluti

109 1088 282 1139 asylum
314 1090 492 1129 Vnicum
535 1093 578 1130 et
608 1091 874 1142 perfugium,
906 1094 948 1131 et
989 1104 1089 1131 cum
1120 1092 1280 1131 salutis
1311 1093 1384 1131 vix
1430 1093 1519 1131 ulla
1550 1104 1651 1143 spes
1682 1105 1745 1132 re-

108 1152 229 1204 liqua
260 1165 356 1193 esse
398 1157 593 1205 putatur,
626 1156 682 1195 ad
711 1168 793 1195 nos
836 1158 1047 1207 tanquam
1079 1157 1134 1196 ad
1165 1168 1336 1196 sacram
1366 1158 1608 1197 anchoram
1639 1170 1740 1197 con-

109 1218 292 1270 fugitur.
326 1219 637 1260 Concionatori
683 1224 835 1261 nostro
865 1234 954 1261 non
986 1222 1108 1261 deest
1138 1223 1279 1273 gratia
1309 1225 1351 1262 et
1382 1223 1589 1273 frequens
1620 1223 1744 1262 audi-

108 1283 286 1323 torium.
319 1284 531 1324 Doctrina
560 1286 806 1325 christiana
826 1299 915 1326 non
948 1287 1086 1326 multo
1109 1289 1208 1338 post
1229 1286 1422 1338 Spiritus
1452 1287 1601 1327 Sancti
1633 1288 1744 1327 festa

108 1349 285 1400 publice
314 1362 339 1389 a
378 1351 508 1390 nobis
552 1351 716 1402 populo
759 1352 947 1403 proponi
991 1355 1145 1403 coepta
1188 1355 1268 1400 est,
1301 1365 1510 1392 concesso
1554 1354 1600 1392 in
1643 1365 1743 1393 eum

111 1425 238 1453 Vsum
268 1415 399 1455 nobis
428 1416 484 1455 ab
528 1416 760 1456 Illustriss.
794 1417 993 1468 principe
1024 1418 1192 1469 insigni
1237 1418 1429 1469 quodam
1465 1419 1643 1469 templo,
1676 1430 1745 1458 ae-

109 1479 242 1519 dibus
283 1480 449 1520 nostris
482 1481 642 1521 vicino.
688 1482 832 1521 Habet
862 1482 969 1522 haec
999 1483 1128 1522 lectio
1172 1484 1399 1522 auditores
1439 1483 1670 1534 plurimos,
1703 1486 1744 1523 et

109 1545 216 1585 noui
246 1546 444 1597 quotidie
473 1547 702 1588 accedunt.
736 1548 930 1588 Exornat
950 1551 1097 1588 autem
1127 1560 1224 1588 eam
1246 1549 1429 1588 mirifice
1458 1551 1616 1588 cantus
1645 1561 1745 1589 sua—

109 1611 327 1651 uissimus
347 1614 524 1651 nostrae
545 1613 724 1652 scholae
754 1613 1092 1663 discipulorum,
1116 1614 1192 1665 qui
1215 1614 1300 1665 ipsi
1322 1614 1501 1653 lectioni
1523 1614 1744 1664 praemitti

108 1678 150 1715 et
179 1676 393 1728 subiungi
423 1677 549 1717 solet.
583 1677 784 1717 Litaniae
813 1678 945 1718 etiam
976 1681 1018 1718 et
1048 1690 1198 1729 preces
1228 1679 1508 1730 vespertinae
1538 1691 1745 1719 nonnun-

109 1753 242 1792 quam
286 1742 526 1789 adduntur,
560 1745 608 1782 ut
651 1743 794 1782 modis
836 1743 1047 1783 omnibus
1091 1744 1145 1783 ad
1190 1744 1402 1783 maiorem
1447 1744 1525 1783 Dei
1556 1744 1745 1795 gloriam

109 1807 391 1847 auditoribus
434 1808 543 1847 satis
573 1808 662 1849 fiat.
708 1808 849 1858 Quam
881 1821 986 1848 uero
1030 1810 1137 1849 haec
1166 1809 1231 1849 eis
1270 1809 1488 1860 placeant,
1523 1809 1650 1849 facile
1680 1809 1746 1849 in·

109 1872 279 1923 telliget
307 1873 382 1924 qui
414 1873 643 1913 assiduam
672 1876 715 1913 et
743 1876 1021 1914 constantem
1052 1874 1252 1925 ipsorum
1279 1875 1324 1914 in
1347 1875 1418 1914 his
1449 1875 1745 1926 percipiendis

108 1937 390 1977 deuotionem
434 1939 756 1979 obseruauerit.
805 1940 965 1979 Verum
1013 1952 1067 1980 ne
1110 1940 1246 1980 nimis
1275 1948 1293 1966 a
1323 1941 1458 1991 longa
1496 1943 1747 1980 summatur

109 2003 267 2051 oratio,
299 2004 408 2043 haec
437 2004 490 2043 de
519 2004 776 2044 domesticis
805 2005 948 2045 obiter
981 2005 1099 2045 dicta
1129 2005 1368 2046 sufficiant.

189 2069 226 2108 7.
259 2068 387 2109 Nunc
429 2070 484 2109 ad
527 2072 709 2109 externa
737 2070 987 2117 veniamus,
1019 2083 1133 2122 quae
1177 2071 1356 2121 quidem
1401 2071 1565 2111 cursim
1602 2071 1746 2111 breui-

109 2135 261 2185 terque
303 2135 534 2185 attingam.
574 2135 626 2175 Et
654 2135 798 2186 primo
827 2135 1005 2187 quidem
1040 2148 1178 2186 pauca
1208 2136 1396 2176 dicenda
1424 2139 1663 2176 occurrunt
1692 2137 1745 2176 de

109 2199 416 2239 illustrissimo
446 2200 645 2251 principe
675 2203 843 2248 nostro,
866 2201 995 2241 cuius
1024 2201 1204 2253 quidem
1234 2202 1373 2241 animi
1404 2214 1508 2253 erga
1537 2214 1620 2241 nos
1650 2214 1747 2253 pro-

109 2263 280 2314 pensio,
312 2264 394 2304 etsi
425 2264 473 2304 Τ.
507 2265 558 2305 R.
593 2265 640 2305 P.
673 2267 804 2305 antea
847 2266 957 2305 satis
1001 2266 1059 2305 sit
1103 2268 1345 2318 perspecta,
1377 2279 1468 2306 non
1511 2269 1659 2306 tamen
1689 2267 1747 2306 si-

109 2328 234 2380 lentij
258 2329 355 2369 velo
384 2330 468 2369 hoc
489 2332 685 2381 tempore
705 2331 889 2370 omnino
910 2331 1201 2371 inuoluenda.
1235 2332 1576 2372 illustrissimus
1596 2332 1745 2383 itaque

109 2393 315 2445 princeps
344 2397 508 2443 noster,
541 2395 603 2434 vti
632 2396 746 2435 alias
775 2408 962 2448 semper,
995 2396 1055 2436 ita
1085 2398 1127 2436 et
1156 2397 1241 2436 hoc
1271 2397 1586 2448 quadrimestri
1625 2409 1745 2437 sum·

110 2470 226 2498 mam
256 2471 360 2511 erga
398 2472 481 2500 nos
509 2460 867 2500 beneuolentiam
889 2473 980 2501 non
1009 2461 1146 2501 semel
1175 2462 1435 2510 declarauit,
1468 2462 1746 2513 principibus

109 2524 362 2576 quibusque
384 2525 506 2573 viris,
529 2528 571 2565 et
591 2526 741 2566 uerbis
769 2525 788 2552 b
814 2528 857 2566 et
885 2527 1079 2578 scriptis,
1104 2527 1178 2566 vbi
1199 2527 1262 2567 ita
1283 2527 1414 2567 ferret
1442 2527 1631 2575 occasio,
1664 2539 1746 2567 nos

109 2591 489 2639 commendand03
522 2591 730 2642 pretiosis
760 2592 931 2643 aliquot
974 2592 1142 2632 casulis
1171 2593 1361 2644 collegio
1390 2593 1496 2632 huic
1525 2593 1642 2632 dono
1672 2593 1747 2632 da-

110 2654 183 2703 tis,
228 2655 434 2695 diuinum
478 2656 597 2707 apud
640 2668 723 2696 nos
766 2657 936 2697 cultum
979 2658 1302 2708 promouendo,
1333 2658 1574 2698 esculentis
1612 2658 1745 2697 etiam

110 2720 398 2769 animalibus,
421 2721 532 2761 duce
561 2723 684 2761 tanto
714 2721 878 2773 dignis,
901 2722 1093 2762 subinde
1115 2735 1198 2763 nos
1228 2723 1522 2763 honestando.
1547 2722 1746 2775 Cumque

110 2785 416 2836 superioribus
459 2786 690 2826 mensibus
719 2787 918 2839 quinque
962 2787 1156 2839 reginae,
1187 2788 1525 2828 clementissimi
1557 2788 1744 2839 impera-

109 2850 220 2890 toris
248 2851 390 2891 nostri
432 2851 565 2900 filiae,
596 2852 736 2891 animi
765 2852 909 2904 gratia
947 2852 1199 2904 Oeniponto
1228 2853 1316 2893 huc
1347 2853 1587 2899 venissent,
1619 2856 1662 2893 et
1690 2853 1747 2893 ad

192 3018 211 3037 a
230 3010 344 3042 nimis
370 3019 498 3052 supra
521 3020 641 3051 versu,
664 3011 784 3044 deleto
819 3012 902 3045 alio
934 3012 1062 3046 verbo.
1079 3032 1119 3035 —
1144 3013 1162 3040 b
1184 3012 1309 3045 uerbis
1333 3021 1459 3054 supra
1483 3022 1585 3045 vers.
