2099 3516
406 258 451 292 (52
879 256 1082 291 LITTERAE
1118 256 1461 300 QUADfuMEsTREs

362 377 741 426 promouerentur‚
774 386 852 413 nec
883 375 1029 424 posset
1059 373 1167 412 satis
1196 373 1449 424 persuaderi
1480 385 1506 410 a
1536 372 1664 411 nobis
1695 371 1738 410 id
1774 372 1877 411 huic
1916 372 1980 411 in-

361 440 517 479 stituto
566 440 729 479 multas
772 440 828 478 ob
871 449 1028 477 causas
1071 449 1161 477 non
1207 438 1467 483 conuenire;
1515 436 1688 475 tandem
1739 436 1980 487 appellauit

367 505 413 543 R.
442 505 582 543 Prem.
609 503 926 542 Prouintialem
950 505 978 549 1,
1001 502 1077 553 qui
1107 505 1254 541 tamen
1284 502 1379 541 suis
1409 501 1549 541 literis
1578 501 1694 551 apud
1724 513 1839 547 eum,
1862 501 1978 551 quod

360 570 662 620 cupiebamus,
694 568 851 613 effecit,
885 570 932 606 ut
961 567 1048 606 iani
1080 568 1130 606 R.
1159 568 1209 606 D.
1245 567 1528 617 Praepositus
1559 565 1789 604 nobiscum
1819 565 1980 605 sentiat

362 646 447 673 non
481 633 777 672 admittendos
799 644 892 671 esse
917 632 992 683 qui
1023 631 1158 671 nimis
1178 632 1318 671 adulti
1350 631 1419 670 uel
1451 630 1766 676 intractabiles,
1792 630 1860 669 uel
1892 641 1980 669 non

360 698 468 737 satis
512 699 722 736 honestae
764 696 1118 736 conuersationis
1161 697 1409 735 uideantur.
1441 695 1524 744 Qui
1571 706 1675 733 uero
1718 695 1802 733 iam
1850 695 1895 733 in
1930 706 1980 733 eo

361 763 536 809 uiuunt,
570 774 658 801 non
691 761 966 800 mediocriter
995 762 1150 801 diuina
1179 762 1321 812 gratia
1360 761 1406 799 in
1451 760 1674 799 literarum
1717 772 1766 799 ac
1805 760 1980 810 pietatis

360 827 522 877 studijs
552 826 803 877 proficiunt..
838 826 1112 877 Quamquam
1160 828 1204 865 ut
1251 826 1336 876 piis
1380 825 1598 864 institutis
1636 824 1814 864 euenire
1852 825 1977 864 solet.

361 892 687 943 persecutiones
717 893 781 929 sat
814 902 972 941 graues
1001 903 1050 930 ac
1080 891 1386 930 fraudulentae
1408 902 1495 928 non
1521 889 1680 935 desint,
1703 889 1867 940 quibus
1896 889 1981 939 pri-

362 969 432 996 ma
452 965 467 983 ἃ
499 956 670 1007 collegij
704 955 839 994 huius
868 955 1126 995 constitutio
1165 967 1251 994 non
1297 955 1409 994 nihil
1453 955 1658 1005 agitatur.
1690 954 1851 993 Verum
1881 966 1978 993 cum

360 1021 650 1072 diligentibus
671 1020 688 1046 ¹)
719 1020 856 1059 Deum
888 1021 1037 1059 omnia
1066 1021 1225 1059 cadant
1256 1020 1301 1058 in
1332 1021 1494 1058 bonum
1526 1021 1555 1065 ²„
1590 1031 1677 1058 non
1711 1019 1837 1058 modo
1868 1019 1980 1057 nihil

361 1087 465 1125 hinc
486 1086 563 1124 illa
583 1084 822 1130 debilitari,
845 1085 922 1124 sed
944 1085 1136 1124 mirabili
1168 1085 1244 1124 Dei
1280 1084 1556 1135 prouidentia
1588 1083 1827 1134 plurimum
1849 1084 1979 1122 etiam

360 1150 549 1189 stabiliri
582 1150 770 1190 uidetur,
802 1149 910 1188 Nam
942 1152 989 1189 ut
1019 1162 1157 1189 unum
1201 1150 1297 1188 eius
1341 1149 1400 1187 rei
1441 1148 1687 1199 proferatur
1715 1148 1978 1198 exemplum.

359 1227 459 1254 cum
490 1227 597 1265 puer
626 1214 807 1265 quidam
837 1226 1055 1254 annorum
1087 1214 1338 1264 quindecim
1372 1213 1575 1252 maximis
1605 1213 1741 1251 animi
1772 1213 1981 1263 corporis-

359 1292 444 1331 que
479 1280 658 1319 dotibus
687 1280 920 1323 excellens,
953 1280 1028 1318 sed
1060 1279 1248 1321 hussita.
1283 1278 1481 1323 mulieris
1517 1278 1715 1317 hussitae
1758 1280 1796 1317 et
1841 1278 1981 1317 luthe-

360 1357 492 1384 ranae
523 1345 655 1385 filius,
689 1356 738 1383 ac
781 1343 909 1383 ser.¹¹¹i
940 1344 1154 1394 principis
1183 1346 1196 1366 ³
1228 1344 1454 1387 alumnus,
1487 1343 1563 1382 diu
1608 1343 1660 1381 de
1699 1342 1981 1392 suscipienda

361 1410 444 1448 tide
486 1412 528 1448 et
570 1409 881 1448 communione
923 1409 1156 1451 catholica,
1197 1408 1405 1458 quamuis
1450 1410 1615 1447 secreto
1647 1407 1930 1446 meditaretur
1950 1416 1979 1448 f.

362 1476 499 1513 mater
527 1475 623 1513 eius
655 1473 797 1512 modis
826 1473 1035 1512 omnibus
1065 1473 1142 1523 filij
1176 1473 1509 1512 c‹›nuersionem
1542 1485 1592 1512 ac
1621 1472 1809 1511 salutem
1850 1471 1982 1522 impe-

360 1539 453 1577 dire
479 1540 637 1577 conata
667 1540 744 1577 est.
777 1538 834 1576 At
867 1549 972 1588 puer
1003 1538 1075 1576 ubi
1111 1538 1218 1576 uidit
1242 1550 1287 1576 se
1310 1537 1380 1576 hic
1403 1537 1493 1576 uoti
1524 1537 1592 1576 sui
1623 1539 1866 1586 compotem
1890 1536 1980 1575 tieri

361 1614 449 1642 non
482 1614 624 1653 posse,
647 1605 687 1641 et
719 1605 855 1641 matre
885 1604 925 1641 et
957 1602 1086 1641 nobis
1117 1602 1270 1652 inst-ijs
1290 1601 1308 1627 ‘¹
1340 1602 1465 1653 fugit.
1491 1602 1616 1651 Quod
1648 1603 1691 1640 ut
1726 1601 1883 1640 mulier
1907 1613 1981 1640 au-

359 1668 488 1713 diuit,
521 1667 576 1706 ad
607 1679 686 1706 nos
715 1667 903 1706 accurrit
934 1667 1097 1709 subito.
1130 1668 1270 1706 tilium
1315 1679 1444 1707 suum
1489 1667 1697 1717 postulat,
1741 1678 1820 1704 nos
1855 1666 1980 1704 illum

361 1732 625 1782 peruertisse
654 1734 696 1771 et
728 1732 771 1770 in
801 1732 922 1771 aliud
953 1733 1216 1771 amandasse
1245 1731 1478 1782 collegium
1501 1733 1755 1770 constanter
1774 1732 1979 1771 affirmat.

360 1797 529 1835 nullam
561 1797 709 1835 uerbis
738 1797 902 1835 nostris
932 1797 1061 1836 tidem
1092 1797 1238 1840 habet,
1272 1796 1400 1835 nobis
1444 1808 1519 1847 per
1561 1807 1666 1835 suos
1695 1795 1874 1842 amicos,
1908 1806 1983 1845 per

359 1864 562 1900 senatum
604 1873 877 1912 pragensem,
912 1874 986 1912 per
1030 1861 1286 1912 principem,
1321 1874 1395 1912 per
1433 1861 1739 1911 imperatorem
1771 1860 1979 1900 minatur.

359 1925 707 1975 supplicationes
739 1928 876 1976 parat,
909 1926 1074 1976 spargit
1117 1938 1327 1968 rumores.
1360 1926 1574 1976 quosdam
1610 1924 1737 1964 ser.¹¹¹i
1769 1924 1982 1975 prins-ipis

360 1990 530 2029 aulicos
565 1990 782 2029 aduersus
802 1999 817 2015 ‘¹
850 2002 930 2029 nos
972 1991 1147 2033 excitat,
1188 1990 1375 2041 collegio
1419 2002 1536 2029 nouo
1582 1990 1815 2035 maledicit,
1861 1989 1979 2039 cupit

360 2067 449 2094 rem
482 2055 610 2094 istam
642 2056 687 2094 in
717 2056 1007 2095 concionibus
1044 2056 1253 2095 uniuerso
1299 2057 1460 2106 populo
1504 2055 1777 2102 denunciari,
1810 2054 1982 2093 diuina-

359 2120 510 2159 tricem
541 2120 721 2165 accedit,
754 2132 866 2171 quae
898 2121 1008 2160 falso
1039 2121 1259 2160 diuinauit
1292 2133 1476 2171 puerum
1520 2132 1616 2159 esse
1660 2121 1840 2170 Pragae,
1888 2132 1981 2170 pro-

361 2184 567 2236 misitque
596 2197 642 2224 se
671 2185 935 2224 daemonum
982 2186 1231 2237 praestigijs
1273 2186 1542 2229 effecturam,
1577 2198 1628 2224 ne
1664 2186 1799 2235 Praga
1843 2185 1981 2224 disce·

359 2249 460 2288 dere
493 2252 651 2299 posset.
685 2249 879 2288 Tandem
911 2250 1065 2289 diuina
1095 2251 1327 2289 clementia
1358 2251 1518 2289 factum
1564 2252 1643 2295 est‚
1677 2252 1724 2288 ut
1752 2252 1794 2288 et
1824 2250 1982 2288 mulier

360 2314 621 2363 placaretur,
655 2326 704 2352 ac
737 2326 842 2364 puer
871 2314 926 2353 ad
958 2326 1038 2353 nos
1067 2314 1314 2353 catholicus
1345 2315 1518 2357 rediret,
1551 2317 1682 2365 atque
1726 2315 1821 2364 ipsa
1856 2314 1981 2352 facile

360 2390 543 2428 puerum
576 2380 713 2417 totum
746 2378 876 2417 nobis
922 2379 1122 2428 traderet,
1155 2379 1224 2418 uel
1269 2380 1340 2418 hic
1383 2379 1695 2418 enutriendum
1732 2380 1776 2418 in
1822 2379 1981 2429 pietate

358 2443 591 2485 catholica.
624 2443 694 2482 uel
738 2443 869 2482 etiam
920 2444 1103 2482 Romam
1152 2444 1496 2483 amandandum.
1532 2444 1747 2483 Dominus
1798 2455 1979 2493 puerum

420 2610 436 2627 a
460 2602 551 2642 pria.
579 2611 648 2634 ms.
673 2621 711 2624 μ
737 2603 754 2628 b
781 2603 856 2635 Del.
882 2604 1019 2635 omnia.
1056 2622 1093 2625 —
1117 2613 1130 2627 ι’
1152 2603 1245 2635 Lm.
1284 2613 1320 2635 re
1355 2613 1478 2644 supra
1515 2613 1612 2635 vers.
1639 2623 1677 2625 —
1700 2604 1716 2629 d
1740 2604 1875 2635 Praec.
1905 2603 1978 2634 del.

361 2656 461 2686 [clem
490 2656 589 2687 verb.
617 2657 716 2687 unde
740 2657 945 2697 scriptum.
971 2675 1009 2679 -
1034 2666 1049 2683 e
1071 2657 1252 2688 aduersus
1277 2666 1400 2697 supra
1429 2667 1541 2691 ver-52,
1568 2658 1687 2689 deleto
1714 2658 1853 2689 contra.

423 2805 429 2819 ¹
457 2801 492 2832 P.
521 2801 649 2833 Petrus
685 2802 871 2834 Canisius.
907 2803 959 2835 Cf.
989 2803 1082 2835 Can.
1111 2803 1244 2844 Epist„
1271 2804 1313 2837 ΙΙ.
1339 2804 1399 2835 716
1432 2804 1493 2835 ubi
1532 2805 1621 2836 haec
1652 2805 1759 2844 epist.
1795 2804 1977 2844 quadrini.

359 2854 570 2886 adhibetur.

421 2909 432 2925 2
455 2906 549 2938 Rom.
576 2906 669 2941 VIII,
695 2908 744 2939 28.

421 2962 432 2978 ³
458 2959 723 2996 Ferdinandus,
750 2961 969 2993 Ferdinandi
997 2962 1229 3002 imperatoris
1253 2962 1351 2993 tilius
1375 2962 1588 2994 Bohemiam
1612 2962 1854 3003 gubernabat.
