2099 3516
393 274 464 310 534
864 274 1067 311 LITTERAE
1102 273 1446 318 QnAanEsmns

349 392 471 432 testis
500 393 631 443 atque
660 392 896 431 dominicis
924 391 1180 436 conciones,
1221 390 1332 428 alter
1360 389 1477 440 apud
1507 389 1556 428 D.
1590 388 1831 440 Virginem,
1854 389 1964 428 alter

349 457 394 496 in
426 457 763 507 metropolitana
805 456 1002 503 ecclesia,
1043 455 1118 506 qui
1161 456 1202 493 et
1244 455 1361 504 apud
1405 454 1455 493 D.
1488 453 1819 504 Gangulphum,
1851 465 1963 504 quae

350 522 583 573 paroechia
611 524 675 561 est
706 522 752 560 in
782 522 875 561 foro
906 522 1005 568 sita,
1037 520 1274 559 admodum
1316 518 1516 567 celebris,
1548 518 1738 569 pastoris
1767 517 1964 557 absentis

348 587 466 626 vices
497 587 634 626 multo
665 586 751 625 iarn
780 588 974 636 tempore
1004 585 1050 624 in
1083 583 1388 624 concionando
1422 583 1610 633 supplet.
1643 582 1882 623 Confluunt
1910 582 1960 621 ad

350 652 431 691 has
460 663 549 690 non
579 663 730 701 parum
765 651 906 695 multi,
938 653 980 690 et
1009 651 1197 689 maxime
1226 649 1280 687 ad
1310 660 1421 695 eam,
1444 659 1556 699 quae
1586 647 1632 687 in
1662 647 1767 687 aede
1796 647 1847 686 D.
1870 647 1966 686 Vir-

350 716 443 767 gini
473 728 596 755 sacra
628 728 754 755 mane
784 716 854 763 fit;
887 716 941 755 ad
971 728 1118 767 quain,
1151 726 1249 753 cum
1295 713 1567 763 paucissimi,
1612 713 1725 752 vltra
1760 711 1842 751 tria
1890 712 1965 751 ho-

351 781 519 820 minum
569 780 691 819 milia
736 780 972 830 promiscui
1015 791 1146 818 sexus
1194 777 1494 825 conueniunt3
1527 778 1698 827 praeter
1726 776 1822 823 has,
1854 787 1966 827 quae

350 845 601 884 ordinariae
643 847 760 894 sunt,
805 845 851 883 in
894 845 996 894 alijs
1038 854 1213 894 quoque
1256 841 1432 892 templis
1475 843 1516 881 et
1559 840 1839 891 monasterijs
1884 840 1966 891 ple—

351 921 511 960 raeque
540 910 666 955 fiunt,
689 909 805 960 apud
827 909 1150 954 carthusianos,
1174 907 1216 947 S.
1241 906 1541 953 Catharinam,
1574 906 1802 956 Agnetem,
1837 905 1967 945 Joan-

352 986 451 1013 nem
481 976 522 1013 et
552 974 812 1021 Martinum3
845 974 916 1012 vbi
962 985 1115 1023 nuper,
1147 972 1338 1023 quodam
1381 982 1433 1009 ex
1468 970 1632 1010 nostris
1660 970 1965 1016 concionante,

351 1050 500 1077 sacrae
529 1038 741 1089 reliquiae
785 1038 917 1089 (quae
946 1040 1046 1077 ante
1078 1038 1125 1075 19
1154 1048 1296 1075 annos
1338 1037 1540 1075 ostensae
1569 1047 1658 1074 non
1694 1035 1866 1074 fuerant
1896 1045 1969 1084 po-

352 1103 471 1153 pulo,
503 1103 621 1154 quod
641 1115 666 1142 a
689 1103 899 1153 religione
928 1102 1168 1142 christiana
1191 1101 1332 1140 factus
1353 1100 1553 1147 alienior,
1573 1100 1677 1139 talia
1699 1099 1969 1150 vilipendere

353 1168 588 1218 videretur)
612 1168 785 1218 publice
805 1168 1128 1207 demonstratae
1149 1168 1278 1214 sunt,
1315 1177 1502 1217 quarum
1524 1165 1807 1204 visendarum
1829 1163 1970 1214 gratia

352 1232 398 1270 in
427 1233 550 1271 tanta
579 1232 704 1282 copia
735 1232 926 1283 populus
954 1231 1211 1271 cateruatim
1242 1229 1446 1277 accurrit,
1468 1231 1515 1268 vt
1544 1229 1692 1280 plures
1712 1228 1865 1279 templi
1895 1240 1970 1267 an-

352 1296 499 1347 gustia
528 1299 706 1339 arceret,
739 1309 869 1347 quam
901 1296 1163 1335 admitteret.

431 1361 470 1400 8.
503 1360 785 1400 Elaboratum
829 1363 894 1400 est
936 1361 1082 1403 etiam.
1131 1362 1173 1398 vt
1218 1359 1483 1398 rusticorum
1530 1370 1706 1409 quoque
1749 1357 1970 1408 spirituali

355 1425 549 1472 vtilitati,
581 1426 727 1476 quoad
757 1426 853 1465 eius
882 1425 973 1465 fieri
1018 1428 1179 1475 posset,
1211 1424 1529 1463 consuleretur.
1567 1423 1643 1462 Est
1686 1434 1826 1474 pagus
1868 1421 1972 1461 huic

355 1490 448 1529 vrbi
483 1490 669 1537 vicinuS,
693 1491 812 1530 haud
842 1489 1090 1536 incelebris,
1113 1502 1164 1528 eo
1194 1489 1318 1528 festis
1348 1500 1397 1527 ac
1426 1487 1662 1528 dominicis
1691 1487 1848 1526 diebus
1871 1498 1973 1526 con-

354 1555 553 1594 cionator
582 1555 822 1605 aliquando
852 1555 1055 1601 mittitur,
1079 1554 1153 1604 qui
1179 1553 1390 1604 populum
1419 1552 1662 1592 doctrinam
1685 1551 1972 1591 christianam

357 1619 569 1670 paulatim
599 1620 790 1659 edoceat.
823 1619 919 1658 Non
951 1619 1186 1658 admodum
1218 1620 1370 1669 gratus
1405 1617 1574 1668 primus
1616 1617 1712 1656 eius
1754 1616 1973 1655 aduentus

356 1684 439 1724 fuit
469 1684 675 1735 parocho,
698 1684 773 1735 qui
805 1684 1006 1723 fortassis
1035 1696 1140 1723 suae
1173 1684 1239 1722 vel
1269 1682 1545 1729 authoritati,
1573 1682 1642 1721 vel
1673 1680 1867 1727 vtilitati‚
1891 1680 1973 1719 hac

356 1749 525 1788 ratione
554 1749 724 1800 aliquid
753 1749 1034 1788 decessurum
1071 1749 1266 1799 putabat.
1305 1748 1466 1787 Verum
1498 1749 1729 1797 postquam
1760 1757 1849 1785 rem
1884 1757 1974 1784 om-

356 1826 452 1852 nem
485 1814 663 1864 penitus
692 1814 917 1865 cognouit,
941 1814 1049 1852 adeo
1081 1825 1168 1852 non
1199 1813 1370 1852 inuitus
1400 1812 1652 1851 redeuntem
1685 1813 1834 1861 postea
1854 1821 1974 1849 exce-

357 1878 434 1929 pit,
468 1881 512 1917 vt
541 1890 718 1929 operam
748 1890 923 1918 omnem
954 1879 1020 1917 illi
1050 1890 1174 1917 suam
1206 1880 1247 1917 et
1277 1878 1467 1925 offerret,
1498 1879 1540 1916 et
1570 1877 1810 1927 praestaret
1844 1875 1971 1922 Vltro,

356 1943 567 1994 quicquid
588 1943 779 1982 hahebat
809 1944 1032 1982 rusticana
1062 1955 1162 1982 casa
1192 1943 1406 1982 deferens.
1436 1941 1670 1981 Plebecula
1700 1952 1837 1990 Vsque
1865 1939 1973 1979 adeo

357 2008 418 2047 ibi
439 2008 626 2058 simplex
647 2011 725 2054 est,
749 2010 788 2047 et
820 2009 875 2047 ab
904 2008 1025 2047 omni
1049 2008 1226 2047 vafricie
1247 2007 1407 2053 aliena,
1431 2008 1476 2045 vt
1496 2008 1782 2056 posteaquam
1804 2004 1975 2044 concio·

358 2075 485 2112 nator
506 2073 627 2112 illam
658 2074 919 2112 adhortatur
948 2073 1001 2112 ad
1033 2073 1361 2123 implorandum
1393 2072 1443 2111 D.
1472 2070 1665 2122 Virginis
1712 2069 1974 2120 suffragium

359 2138 491 2189 (quod
522 2138 568 2176 in
599 2138 777 2177 exordio
798 2138 1024 2177 concionis
1047 2138 1138 2176 fieri
1160 2137 1354 2189 assolet),
1387 2147 1540 2176 omnes
1561 2136 1606 2174 in
1628 2147 1772 2186 genua
1803 2134 1974 2185 prouol-

358 2204 544 2249 uantur;
578 2214 656 2241 nec
695 2202 818 2252 prius
856 2214 950 2241 sese
981 2203 1025 2241 in
1060 2202 1187 2252 pedes
1216 2202 1402 2252 erigant,
1427 2201 1494 2240 vel
1524 2200 1670 2239 standi
1697 2199 1764 2238 vel
1795 2198 1975 2238 sedendi

358 2267 514 2318 gratia,
537 2267 676 2306 donec
705 2267 905 2306 concioni
937 2267 1067 2305 finem
1100 2267 1312 2316 imponat,
1336 2278 1449 2316 quae
1478 2276 1639 2316 magna
1668 2276 1720 2303 ex
1750 2265 1871 2314 parte
1900 2274 1976 2313 per

358 2332 511 2370 horam
542 2332 684 2371 durat.
718 2331 888 2380 Quibus
919 2331 964 2370 in
995 2331 1102 2370 locis
1144 2331 1378 2370 conciones
1421 2330 1514 2369 fieri
1558 2329 1742 2376 soleant,
1784 2327 1973 2375 audisti3

358 2408 477 2435 nunc
505 2396 625 2443 audi,
657 2397 853 2443 obsecro,
885 2396 990 2446 quid
1021 2395 1305 2434 emolumenti
1339 2395 1441 2434 hinc
1484 2395 1530 2433 in
1561 2394 1765 2433 horreum
1798 2391 1975 2431 Domini

359 2463 611 2511 peruectum
654 2461 724 2500 sit.
758 2460 922 2500 Omitto
965 2461 1081 2511 quod
1130 2472 1218 2499 non
1265 2472 1415 2510 parum
1448 2459 1611 2498 multos
1641 2458 1695 2497 ad
1739 2456 1976 2496 confessio-

360 2537 457 2565 nem
502 2538 551 2564 ac
594 2527 868 2576 peccatorum
915 2525 1229 2575 poenitentiam
1277 2524 1590 2575 pertraxerint3
1636 2524 1681 2561 vt
1724 2524 1975 2561 nostrorum

359 2591 549 2642 quodam
581 2602 720 2641 nuper
749 2590 801 2629 de
832 2590 1100 2640 poenitentia
1130 2590 1180 2629 D.
1214 2589 1498 2640 Magdalenae
1540 2587 1843 2633 concionante,
1882 2597 1976 2624 mu-

360 2656 440 2695 lier
460 2655 672 2706 quaedam
705 2657 917 2706 suggestu
938 2654 1234 2701 descendenti,
1260 2654 1411 2693 multis
1442 2653 1485 2692 id
1515 2652 1781 2692 mirantibus
1802 2652 1978 2701 propter

360 2720 421 2759 rei
452 2720 710 2767 nouitatem,
734 2719 933 2758 confessa
964 2721 1042 2758 est.
1067 2718 1207 2757 Taceo
1237 2718 1355 2769 quod
1376 2718 1451 2768 alij
1475 2729 1574 2757 cum
1596 2716 1697 2767 alijS
1718 2716 1763 2754 in
1789 2715 1976 2766 gratiam

361 2785 571 2824 redierint
600 2787 850 2823 nostrorum
881 2796 1025 2833 opera.
1058 2784 1285 2822 Praetereo
1316 2783 1502 2822 libenter
1530 2782 1649 2833 quod
1678 2780 1872 2831 virgines
1901 2779 1976 2818 ali-

360 2852 467 2901 quot
509 2850 563 2889 ad
607 2849 885 2888 subeundum
933 2848 1159 2899 religionis
1203 2848 1354 2898 iugum
1400 2860 1424 2886 a
1467 2846 1631 2886 nostris
1674 2846 1894 2885 animatae
1931 2855 1977 2883 se

361 2914 728 2965 comparauerint.
761 2913 823 2952 Ne
866 2913 1023 2963 loquor
1065 2913 1241 2962 quidem
1273 2924 1361 2951 non
1392 2923 1555 2962 paucos
1589 2910 1817 2961 vtriusque
1847 2920 1978 2948 sexus

362 2980 537 3019 libellos
580 2978 869 3029 germanicos,
901 2980 978 3016 aut
1020 2977 1280 3027 sphaerulas
1320 2977 1520 3015 horarias
1549 2975 1650 3022 sibi,
1682 2976 1729 3014 vt
1757 2986 1809 3013 ex
1838 2973 1977 3012 curio·

362 3046 476 3084 siore
519 3044 696 3083 illorum
740 3044 897 3082 ornatu
928 3042 1055 3081 facile
1084 3042 1296 3092 liquebat,
1327 3041 1628 3088 charissimos,
1660 3039 1714 3078 ad
1744 3050 1825 3078 nos
1863 3049 1976 3077 com-
