2099 3516
558 306 638 341 628.
665 328 707 331 —
737 307 922 342 ΒοΝοΝιΑ
952 307 995 342 10
1023 307 1250 343 FEBRUARH
1280 306 1368 343 1562
1670 306 1737 341 787

157 423 374 463 charitate
407 431 528 462 anon
558 436 699 474 pauca
730 425 858 464 nobis
879 426 1071 465 afferunt
1092 425 1338 469 commoda,
1362 425 1668 475 superioribus
1697 424 1786 463 die-

160 490 244 529 bus
272 488 473 537 contigit.
507 487 615 528 Cum
647 489 776 528 Pater
804 490 985 541 quidam
1017 490 1249 530 Societatis
1280 492 1456 529 nostrae
1485 489 1704 529 subucula
1733 501 1787 528 ex

158 555 294 605 longo
324 553 480 592 itinere
510 554 748 594 admodum
778 556 957 595 sordida
980 556 1164 595 indutus
1190 556 1272 595 hac
1303 555 1601 606 pertransiret,
1624 554 1663 594 ei
1695 567 1789 594 mu-

160 618 274 667 lieri,
297 618 350 657 de
379 630 468 669 qua
497 630 615 658 nunc
646 620 842 665 memini,
866 621 1088 660 abluenda
1109 621 1329 660 subucula
1356 621 1440 659 fuit
1465 620 1650 664 tradita2
1674 631 1788 671 quae

160 695 260 723 cum
291 683 415 722 illam
446 683 638 722 maximo
673 684 904 724 charitatis
947 686 1107 724 affectu
1152 686 1416 735 suscipiens,
1449 684 1790 725 succedentibus

160 748 304 799 aquis,
337 759 498 799 magno
528 749 707 787 tandem
737 750 887 789 labore
932 753 1178 801 purgasset,
1212 750 1393 801 ignique
1432 750 1685 789 siccandam
1715 761 1788 799 ap—

161 813 398 864 posuisset,
429 824 527 852 ecce
558 813 789 853 insolitum
821 826 871 853 ac
900 827 1083 854 suauem
1106 815 1285 854 odorem
1316 815 1477 862 sensit;
1512 815 1790 865 maximeque

160 879 223 918 rei
267 878 467 917 nouitate
509 879 827 928 obstupescens
872 880 1045 919 uicinas
1088 882 1318 927 conuocat,
1356 880 1620 919 subuculam
1663 879 1790 918 affert

160 943 449 989 odorandam,
482 943 695 993 pristinas
726 944 850 983 illius
880 945 1032 984 sordes
1061 945 1256 995 exponit,
1290 946 1551 984 miraculum
1598 944 1790 995 denique

161 1021 315 1049 omnes
337 1008 546 1048 fatentur.
580 1007 705 1057 Quod
737 1020 844 1048 sane
874 1009 972 1048 ideo
992 1010 1152 1049 factum
1173 1010 1417 1049 existimari
1436 1010 1579 1058 debet,
1603 1012 1651 1049 ut
1668 1021 1789 1060 prae-

161 1075 299 1114 mium
329 1074 512 1124 aliquod
544 1074 702 1113 mulier
740 1074 906 1124 optima
938 1075 1276 1114 ardentissimae
1305 1075 1535 1114 charitatis
1566 1074 1789 1125 reciperet.

239 1139 277 1178 9.
311 1139 475 1178 Verum
504 1138 717 1189 quoniam
750 1141 796 1177 ut
826 1139 919 1189 ipse
950 1139 1167 1178 Dominus
1198 1141 1386 1179 testatus
1411 1141 1492 1187 est,
1524 1151 1603 1178 nec
1633 1151 1792 1178 seruus

161 1205 342 1244 domino
371 1215 469 1250 suo,
493 1215 572 1243 nec
601 1204 832 1254 apostolus
853 1215 918 1251 eo,
948 1204 1023 1255 qui
1047 1216 1093 1243 se
1124 1204 1258 1251 misit,
1283 1205 1424 1244 maior
1452 1216 1548 1244 esse
1580 1206 1721 1255 potest
1760 1206 1789 1251 1,

161 1269 325 1309 idcirco
354 1268 504 1308 minus
535 1268 712 1315 mirum,
744 1268 854 1319 quin
890 1269 1036 1319 potius
1067 1270 1209 1320 magis
1239 1272 1412 1319 gratum
1452 1281 1548 1309 esse
1577 1269 1720 1317 debet,
1753 1269 1791 1309 si

160 1334 521 1387 quandoquidem
557 1334 752 1373 mundus
782 1334 1022 1373 Dominum
1061 1333 1212 1373 Jesum
1242 1334 1344 1374 odio
1383 1334 1539 1373 habuit
1570 1346 1621 1374 ac
1650 1345 1793 1385 perse-

160 1402 291 1440 cutus
319 1401 399 1446 est,
432 1399 548 1438 idem
579 1398 841 1438 Societatem
871 1411 1048 1450 quoque
1078 1399 1174 1438 eius
1211 1399 1313 1438 odio
1344 1399 1505 1439 habeat
1536 1401 1668 1449 atque
1698 1411 1792 1450 per-

161 1466 386 1516 sequatur.
421 1465 471 1503 In
501 1464 615 1503 hanc
654 1464 792 1514 igitur
821 1463 1083 1503 sententiam
1125 1476 1301 1515 quoque
1331 1464 1512 1503 unicum
1542 1464 1791 1514 exemplum

162 1532 384 1581 postremo
420 1529 517 1569 loco
551 1529 802 1580 subijciam.
842 1528 1160 1568 Nobilissimus
1199 1529 1380 1580 quidam
1412 1529 1618 1580 patritius
1656 1528 1793 1568 huius

161 1595 374 1643 ciuitatis,
412 1594 483 1634 uir
524 1606 623 1634 cum
655 1594 887 1634 excellenti
932 1594 1111 1644 ingenio
1141 1596 1340 1641 ornatus,
1386 1596 1480 1634 tum
1523 1593 1793 1633 christianae

160 1660 315 1712 pietati
346 1659 536 1699 maxime
576 1659 768 1707 deditus,
800 1659 888 1698 iam
934 1658 1087 1698 multis
1122 1661 1223 1698 ante
1262 1659 1419 1698 diebus
1450 1659 1501 1698 R.
1536 1659 1583 1698 P.
1617 1659 1792 1698 Rectori

162 1725 423 1776 saepissime
443 1737 571 1765 suam
592 1724 908 1764 conscientiam
933 1724 1117 1774 aperire,
1141 1727 1181 1763 et
1203 1736 1374 1763 sacram
1396 1724 1600 1776 synaxim
1624 1735 1677 1763 ex
1697 1724 1796 1763 eius

162 1790 371 1829 manibus
400 1801 575 1829 sumere
605 1789 652 1828 in
674 1791 825 1828 nostro
857 1789 1020 1839 templo
1041 1789 1234 1835 solebat;
1268 1789 1423 1828 diuino
1446 1789 1624 1827 tandem
1655 1787 1674 1814 b
1703 1787 1795 1839 spi-

161 1855 265 1903 ritu,
298 1858 346 1895 ut
376 1855 438 1895 rei
468 1856 627 1906 probat
656 1857 859 1903 euentus,
883 1854 1079 1902 afflatus,
1111 1854 1498 1894 carthusianorum
1520 1856 1586 1893 est
1615 1853 1794 1904 religio-

161 1933 261 1961 nem
282 1921 535 1972 ingressus;
559 1932 749 1971 cumque
778 1932 885 1959 suas
906 1931 1026 1970 opes,
1050 1931 1162 1970 quae
1183 1921 1307 1958 erant
1328 1919 1646 1970 amplissimae,
1670 1918 1794 1958 iuxta

161 1987 400 2027 consilium
430 1986 611 2026 Domini
645 1986 786 2025 nostri
820 1986 915 2025 [esu
949 1985 1017 2024 X.i
1044 1985 1167 2024 illius
1198 1985 1469 2036 pauperibus
1498 1995 1679 2035 erogare
1708 1986 1796 2023 sta—

161 2052 318 2092 tuisset
338 2053 368 2100 ²,
392 2063 472 2091 nec
493 2052 632 2091 ullam
653 2051 698 2090 id
714 2051 904 2091 faciendi
925 2050 1269 2090 commodiorem
1312 2050 1526 2089 rationem
1550 2049 1793 2096 inueniret,

160 2129 295 2168 quam
325 2117 363 2156 si
394 2117 445 2156 R.
479 2117 526 2156 P.
560 2116 761 2156 Rectoris
790 2116 979 2156 consilio
1009 2118 1051 2154 et
1080 2127 1211 2165 opera
1247 2115 1294 2153 in
1325 2115 1408 2154 hoc
1437 2115 1622 2165 negocio
1652 2116 1793 2154 utere-

162 2185 247 2229 tur;
272 2182 443 2222 litteras
463 2182 519 2221 ad
539 2193 640 2221 eum
662 2181 784 2221 misit
800 2181 965 2232 quibus
986 2192 1086 2220 eum
1108 2180 1368 2219 obsecrabat
1384 2180 1793 2230 obtestabaturque,

163 2249 212 2287 ut
240 2248 326 2287 sibi
358 2259 434 2298 per
462 2247 633 2287 litteras
663 2247 913 2286 consuleret
933 2257 1129 2297 quonam
1159 2248 1286 2295 pacto
1316 2245 1360 2283 id
1390 2246 1505 2283 esset
1526 2244 1793 2284 faciendum.

162 2313 247 2352 Vbi
278 2313 408 2352 Pater
445 2312 779 2352 sanctissimum
816 2311 901 2351 uiri
941 2310 1208 2350 desiderium
1240 2310 1440 2361 agnouit,
1482 2309 1668 2360 impium
1699 2320 1795 2348 esse

162 2378 290 2418 duxit
310 2390 392 2418 suo
413 2378 521 2418 olim
543 2386 557 2404 ⁰
586 2378 634 2417 in
664 2378 776 2428 Xpo.
802 2377 899 2416 filio
930 2388 1055 2426 opem
1079 2376 1125 2414 in
1155 2388 1205 2414 ea
1227 2387 1271 2414 re
1296 2375 1528 2425 denegare,
1561 2386 1674 2425 quae
1693 2385 1795 2413 cum

162 2443 264 2494 Xpi.
298 2443 440 2495 gloria
469 2446 509 2483 et
544 2455 784 2495 egenorum
815 2442 1112 2481 emolumento
1152 2440 1387 2479 coniuncta
1418 2442 1546 2479 esset.
1580 2439 1629 2478 Ei
1659 2439 1798 2489 igitur

161 2521 407 2560 pauperum
438 2509 576 2549 huius
601 2508 799 2548 ciuitatis
828 2509 1046 2558 egestates
1075 2505 1262 2557 aperuit,
1286 2507 1418 2556 atque
1448 2517 1600 2544 eorum
1630 2504 1798 2555 praeci-

165 2586 247 2625 pue
268 2574 345 2625 qui
376 2574 532 2614 diuino
553 2573 694 2614 cultui
724 2575 872 2612 essent
893 2571 1160 2618 consecrati,
1194 2582 1262 2610 res
1283 2570 1473 2621 denique
1499 2581 1599 2609 cum
1620 2581 1795 2609 summa

161 2640 395 2691 utriusque
437 2639 745 2680 consolatione
780 2638 978 2677 confecta
1021 2640 1100 2676 est.
1134 2636 1296 2675 Verum
1339 2635 1549 2686 quoniam
1581 2635 1795 2685 antiquus

162 2704 349 2743 humani
389 2704 564 2755 generis
594 2703 738 2743 hostis
782 2705 873 2742 tam
902 2701 921 2727 <1
948 2701 1211 2741 admirabile
1255 2699 1428 2739 facinus
1458 2699 1792 2750 indignabatur,

224 2849 243 2868 a
263 2841 448 2874 charitate
482 2850 609 2882 supra
642 2849 758 2873 vers..
795 2839 915 2871 deleto
944 2838 1189 2879 benignitate.
1225 2855 1265 2859 —-
1289 2836 1306 2862 b
1324 2836 1479 2868 tandum
1514 2844 1584 2868 ms.
1612 2854 1652 2858 —
1675 2844 1689 2862 e
1710 2834 1798 2868 Del.

160 2893 250 2927 filio.
276 2913 316 2917 —
339 2894 358 2921 d
385 2895 462 2927 tam
484 2903 613 2935 supra
649 2902 752 2925 vers.

226 3033 236 3050 ¹
260 3030 311 3064 Cf.
337 3031 480 3064 MATTH.
505 3032 549 3071 X,
574 3032 615 3063 24
638 3039 718 3072 sqq.

225 3086 238 3104 Β
260 3084 312 3117 Cf.
337 3085 480 3117 MA'r'rH.
506 3084 602 3124 XIX,
627 3085 684 3124 213
709 3083 827 3115 MARC.
853 3081 896 3121 X,
922 3082 979 3121 213
1004 3081 1090 3113 LUC.
1115 3079 1245 3119 XVIII,
1271 3079 1322 3112 22.
