2099 3516
414 253 483 290 710
883 252 1087 290 LITTERAE
1115 253 1459 300 QUADRIMESTRES

370 372 553 411 Rectore
599 372 645 411 in
694 372 846 411 uillam
895 373 1090 411 nostram
1139 373 1570 424 septimanticensem
1613 386 1659 415 se
1692 375 1878 424 abdidit,
1908 376 1986 417 ubi

367 436 645 476 confessione
687 436 928 487 generatim
959 436 1087 485 facta,
1119 438 1175 477 ab
1204 438 1355 478 eodem
1400 439 1528 478 Patre
1558 439 1604 479 in
1632 440 1894 480 ceremoniis
1922 440 1987 480 in·

367 502 562 540 structus
591 504 669 549 est,
702 501 866 552 quibus
896 512 964 540 res
994 502 1149 541 diuina
1196 503 1434 554 peragitur.
1467 503 1554 544 Nec
1600 506 1773 544 tantum
1820 505 1986 545 bonum

366 563 526 604 no‘men
556 565 795 616 opinioque
825 565 1056 605 Societatis
1085 567 1140 606 ad
1171 567 1253 607 hoc
1282 579 1422 618 genus
1450 568 1683 609 hominum
1713 570 1982 618 extenditur,

367 630 443 669 sed
472 630 604 669 etiam
647 630 701 669 ad
744 630 856 669 alios
902 633 1137 681 peruagata
1167 634 1248 679 est,
1280 632 1357 683 qui
1387 634 1428 672 et
1457 644 1614 684 genere
1648 635 1691 673 et
1719 634 1987 674 authoritate

368 694 608 745 plurimum
638 695 818 745 pollent.
852 694 1028 734 Habent
1057 707 1247 747 namque
1275 708 1380 748 erga
1399 709 1481 737 nos
1501 709 1590 737 non
1621 709 1773 749 parum
1803 710 1988 750 propen-

366 770 439 797 sos
469 758 642 798 animos
685 759 964 809 placentinus
1007 760 1240 811 episcopus
1271 764 1300 809 ¹,
1332 763 1374 801 et
1407 762 1621 802 coriensis
1649 764 1679 811 ²,
1712 773 1884 802 necnon
1914 775 1987 814 pa-

366 823 562 862 lentinus
591 825 620 871 ³,
652 824 853 863 osornini
883 824 1065 864 comites
1095 828 1124 873 4,
1158 826 1354 866 marchio
1376 826 1603 866 vianensis
1631 829 1661 877 ⁵,
1693 838 1839 867 comes
1867 828 1987 867 Mon-

367 887 423 926 tis
471 888 589 927 acuti
623 890 652 935 ὃ,
685 900 830 928 comes
877 889 930 928 de
977 889 1176 929 Miranda
1206 892 1236 939 ⁷,
1283 891 1521 931 admodum
1571 891 1760 932 illustris
1806 891 1986 932 domina

365 952 502 991 Maria
530 952 583 991 de
613 953 822 1003 Mendoca
851 955 880 1001 8,
916 954 1102 1005 majores
1144 955 1276 994 etiam
1306 956 1514 1007 collegae,
1546 958 1677 1007 atque
1716 956 1790 1008 alij
1815 956 1985 996 schola-

364 1016 478 1064 stici,
509 1029 697 1067 quorum
728 1030 827 1057 cum
849 1019 1013 1058 nostris
1035 1021 1100 1058 est
1121 1019 1354 1059 familiaris
1374 1021 1662 1061 consuetudo.
1686 1021 1845 1061 Missos
1872 1021 1986 1061 facio

364 1081 608 1121 haereticae
639 1082 873 1133 prauitatis
903 1083 1205 1134 inquisitores,
1237 1085 1314 1136 qui
1343 1097 1426 1125 nos
1458 1087 1638 1136 paterno
1663 1098 1811 1126 amore
1840 1097 1986 1137 prose-

364 1148 573 1196 quuntur,
606 1149 891 1198 nostramque
921 1160 1097 1199 operam
1130 1161 1219 1189 non
1249 1162 1348 1189 raro
1392 1153 1592 1201 poscunt.
1625 1150 1800 1202 Elapsis
1829 1150 1986 1191 diebus

362 1222 462 1250 cum
483 1211 528 1251 hi
559 1212 634 1262 qui
656 1212 708 1252 de
729 1213 899 1253 haeresi
920 1221 953 1261 ἃ,
986 1214 1057 1253 uel
1077 1215 1166 1254 alia
1194 1217 1312 1254 secta
1333 1217 1458 1255 erant
1478 1215 1634 1264 notati,
1657 1217 1805 1255 essent
1825 1215 1984 1266 produ-

363 1276 505 1323 cendi,
537 1276 870 1317 aduocauerunt
899 1278 954 1317 ad
984 1290 1030 1318 se
1059 1281 1235 1319 nostros
1267 1280 1433 1328 Patres,
1461 1282 1511 1320 ut
1539 1280 1656 1329 illos,
1680 1280 1756 1331 qui
1786 1279 1985 1320 comburi

364 1340 596 1389 debebant,
629 1344 742 1381 recte
773 1342 819 1381 in
840 1343 923 1382 fide
954 1343 1208 1391 formarent,
1233 1346 1274 1383 et
1294 1345 1349 1384 ad
1369 1356 1465 1384 eam
1487 1356 1673 1396 poenam
1703 1357 1781 1396 pro
1811 1344 1985 1385 Christo

364 1405 639 1445 subeundam
671 1418 821 1446 eorum
854 1407 1028 1447 animos
1057 1420 1136 1459 pro
1168 1409 1287 1448 uirili
1309 1409 1612 1457 inflamarent,
1644 1409 1700 1449 ad
1729 1421 1861 1461 quam
1893 1421 1983 1449 rem

362 1469 476 1509 nulli
524 1470 612 1510 fere
660 1471 735 1523 alij
780 1472 921 1523 janua
952 1473 1166 1524 patefacta
1196 1475 1261 1513 est
1290 1486 1424 1525 quam
1454 1474 1633 1514 nostris.
1667 1474 1831 1514 Omnes
1860 1486 1982 1522 sane,

363 1537 581 1585 quantum
610 1537 787 1587 assequi
835 1549 1087 1588 possumus,
1121 1539 1191 1577 uel
1235 1538 1280 1578 in
1325 1539 1550 1578 meliorem
1581 1541 1769 1579 mentem
1801 1539 1982 1587 rediere,

363 1599 449 1647 uel,
482 1600 558 1650 qui
588 1600 634 1639 in
667 1601 765 1640 fidei
813 1602 1031 1641 sententia
1075 1603 1165 1654 jam
1215 1606 1353 1651 erant,
1386 1604 1643 1644 feruentiori
1681 1603 1831 1644 animo
1860 1603 1985 1643 illam

363 1666 467 1703 sunt
497 1665 702 1716 amplexi,
735 1678 827 1705 eam
861 1667 979 1706 uitae
1001 1667 1216 1707 rationem
1237 1671 1505 1715 execrantes,
1528 1681 1661 1720 quam
1690 1670 1783 1709 toto
1813 1670 1985 1720 pectore

363 1728 538 1768 fuerant
566 1730 733 1770 sectati.
766 1731 864 1770 Non
894 1732 1033 1771 defuit
1061 1734 1210 1772 tamen
1240 1745 1320 1773 sua
1350 1735 1531 1773 satanae
1556 1734 1733 1784 praeda,
1755 1745 1889 1785 quam
1919 1744 1985 1773 ra-

362 1793 466 1832 bido
496 1806 569 1833 ore
599 1795 877 1846 discerperet.
912 1796 1013 1835 Erat
1042 1796 1060 1822 b
1095 1809 1285 1849 namque
1330 1798 1444 1838 inter
1486 1798 1589 1838 illos
1618 1799 1751 1838 homo
1792 1798 1863 1838 sui
1902 1797 1985 1837 ini—

363 1858 567 1909 quissimi
598 1860 812 1910 propositi
844 1861 904 1900 ita
935 1863 1080 1910 tenax,
1114 1864 1161 1901 ut
1193 1863 1338 1913 potius
1368 1863 1643 1910 daemonem,
1675 1875 1809 1914 quam
1843 1862 1984 1902 homi-

363 1933 462 1962 nem
505 1924 766 1974 appellares,
799 1925 1085 1966 tenuissimae
1128 1927 1343 1977 fortunae,
1385 1927 1569 1967 humilis
1611 1927 1800 1979 generis,
1833 1929 1984 1978 utpote

363 1987 439 2037 qui
469 1988 683 2027 sutoriam
714 1991 851 2029 artem
891 1992 1132 2038 exercebat,
1165 1994 1206 2031 et
1249 1993 1367 2043 quod
1410 1992 1552 2044 magis
1595 1992 1718 2033 illius
1761 1992 1983 2032 insaniam

362 2051 523 2102 arguit,
556 2052 625 2091 uir
654 2056 746 2093 erat
775 2057 944 2094 emotae
974 2056 1149 2104 mentis,
1181 2056 1257 2107 qui
1289 2057 1439 2096 nullae
1468 2059 1612 2097 sectae
1640 2059 1733 2097 erat
1762 2056 1980 2104 addictus,

363 2116 492 2156 modo
517 2117 669 2168 judaei
700 2127 714 2144 ⁰
736 2119 890 2158 faciem
921 2132 1024 2170 prae
1067 2132 1112 2159 se
1156 2121 1335 2169 ferebat,
1368 2123 1498 2162 modo
1540 2134 1832 2173 agarenorum
1862 2121 1982 2161 uiam

362 2192 439 2220 seu
469 2182 617 2232 potius
646 2183 801 2223 deuios
831 2184 1057 2225 anfractus
1087 2185 1417 2237 insequebatur,
1442 2187 1487 2226 in
1519 2187 1667 2227 uarias
1686 2187 1877 2238 denique
1897 2186 1983 2226 for-

362 2258 457 2285 mas
498 2258 545 2286 se
589 2249 801 2295 uertebat,
835 2250 1070 2301 uariosque
1112 2251 1295 2299 colores,
1328 2252 1451 2292 uelut
1493 2252 1604 2292 alter
1646 2252 1842 2303 Polypus
1886 2250 1980 2303 [sic]

362 2310 598 2360 referebat;
631 2313 823 2364 consilij,
858 2315 1042 2354 necdum
1086 2316 1351 2367 argumenti,
1383 2329 1473 2356 non
1516 2318 1609 2356 erat
1638 2317 1776 2365 locus,
1808 2316 1863 2356 ad
1892 2327 1982 2355 om-

423 2489 441 2508 a
462 2481 615 2515 heressi.
648 2483 693 2515 A.
719 2502 758 2506 —
782 2484 800 2510 b
820 2484 944 2517 Prius
968 2486 1084 2517 erant.
1110 2504 1148 2508 ——
1172 2494 1187 2513 c
1203 2486 1307 2527 judei
1331 2487 1376 2519 A.

423 2651 432 2668 ¹
456 2649 587 2682 Petrus
611 2650 729 2682 Ponce
752 2650 796 2683 de
820 2650 928 2683 Leon.

422 2704 434 2722 2
457 2703 618 2735 Didacus
642 2698 850 2745 Henriquez
874 2704 918 2736 de
941 2704 1128 2737 Almansa.

423 2758 435 2775 ³
457 2756 748 2798 Christophorus
772 2757 982 2789 Fernandez
1006 2757 1049 2789 de
1072 2757 1291 2791 Valtodano.

423 2810 434 2828 ⁴
457 2809 550 2841 Vide
572 2819 606 2851 p.
632 2810 683 2842 58.

422 2864 434 2881 ⁶
456 2862 586 2894 Petrus
610 2862 799 2895 Pimentel.

421 2917 433 2934 ⁴³
456 2915 674 2947 Franciscus
698 2916 866 2948 Hurtado
890 2916 933 2948 de
956 2916 1141 2950 Mendoza.

423 2970 433 2986 ⁷
457 2968 587 2999 Petrus
611 2968 654 3000 de
678 2968 821 3010 Zuniga
844 2969 1080 3002 Avellaneda.

423 3022 435 3039 8
458 3021 508 3053 De
531 3020 600 3053 hac
624 3022 685 3062 pia
708 3022 845 3054 femina
868 3022 919 3055 Cf.
945 3023 1039 3054 δίκε
1062 3022 1308 3056 [franciscus
1331 3024 1493 3066 Boryia,
1518 3024 1581 3065 ΙΙΙ,
1605 3025 1677 3065 333,
1702 3026 1829 3058 annot.
1855 3025 1906 3057 13.
