2099 3516
419 274 458 307 ἰθ
887 273 1087 309 LITTERAE
1123 274 1465 318 QUADmMESTRES

366 391 590 430 milmente
618 391 656 430 si
687 391 1056 431 racomandiamo.
1091 392 1142 430 Di
1174 391 1356 430 Modena
1399 390 1475 429 alli
1519 391 1544 426 (f)
1582 389 1625 428 di
1670 401 1828 429 zenaro
1864 390 1978 429 1561.

366 454 417 494 D.
443 455 491 494 V.
517 455 563 495 R.
588 455 633 494 P.
668 455 859 505 indegno
889 455 934 493 in
967 455 1078 505 Xpo.
1112 455 1279 505 {igliolo

1491 529 1676 568 ALolsm
1707 528 1817 568 ΝΑΡΙ
1848 532 1875 569 ¹.

472 602 625 652 sigilli
658 604 908 652 ‘vestigli‘mm

1118 872 1232 918 468

741 1009 794 1059 Ρ.
855 1009 1200 1059 IOANNES
1262 1008 1608 1058 RETl-IIUS

864 1133 1036 1159 coLomA
1066 1124 1109 1158 10
1136 1132 1322 1158 iANUARn
1353 1122 1439 1157 1561
1468 1122 1492 1158 2.

365 1245 402 1279 1.
436 1242 688 1291 Disciplina
718 1243 957 1281 domestica
987 1243 1114 1291 viget.
1148 1241 1409 1280 Scholastici
1442 1241 1674 1281 Societatis
1709 1242 1760 1280 ab
1789 1243 1985 1280 eoeternis

471 1307 794 1345 convictoribus
822 1308 1033 1357 separati.
1066 1329 1114 1333 —
1144 1310 1185 1345 2.
1217 1306 1333 1345 Socii
1376 1307 1466 1344 azio
1510 1308 1653 1345 missi.
1695 1306 1984 1353 Quorundam

472 1371 691 1409 valetudo.
724 1372 974 1410 Academici
1002 1372 1186 1421 gradvs.
1219 1393 1268 1397 —
1299 1375 1339 1409 3.
1369 1371 1697 1421 Archiepiscopi
1730 1372 1877 1409 maior
1918 1372 1984 1420 fa—

472 1448 551 1474 vor
592 1437 860 1485 exquiritur.
894 1437 955 1474 De
997 1437 1145 1475 schola
1176 1436 1429 1474 Ander·naci
1472 1436 1696 1485 erigenda.
1733 1436 1795 1473 De
1837 1436 1985 1474 schola

472 1501 853 1550 clusseldorpiensi
881 1502 921 1539 et
949 1501 1242 1540 universitate.
1271 1501 1599 1550 duisbureqeusi.

448 1625 482 1662 1.
515 1625 543 1673 ἢ
575 1624 663 1662 Pax
694 1623 871 1673 Christj.
903 1623 1157 1674 Scripturus
1187 1623 1531 1674 quadrimestres
1561 1623 1726 1669 literas,
1755 1623 1805 1662 R.
1830 1623 1895 1669 P„
1918 1623 1984 1662 ni-

366 1689 431 1728 hil
460 1700 611 1728 eorum
641 1700 754 1738 quae
785 1688 1003 1735 Treueris,
1036 1688 1287 1739 Moguntiae
1317 1700 1393 1727 seu
1421 1687 1729 1727 Francfordiae
1758 1690 1880 1738 gesta
1912 1699 1986 1738 per

366 1756 542 1793 nostros
571 1755 689 1799 sunt,
722 1754 1087 1792 commemorabo.
1122 1753 1180 1792 Ea
1223 1753 1340 1792 enim
1383 1753 1532 1792 omnia
1571 1764 1623 1791 ex
1653 1752 1700 1793 P.
1728 1752 1985 1792 Prouincia-

366 1819 422 1858 lis
451 1820 465 1842 ³
495 1818 636 1857 literis
666 1819 716 1857 R.
750 1818 798 1858 T.
831 1818 1054 1869 cognouit.
1090 1818 1247 1857 Paucis
1282 1818 1418 1868 igitur
1460 1820 1632 1857 tantum
1663 1817 1740 1856 illa
1770 1817 1984 1868 attingam

365 1895 478 1934 quae
507 1883 559 1922 de
588 1882 832 1922 coloniensi
863 1882 1049 1933 collegio
1087 1883 1320 1921 scribenda
1354 1883 1546 1921 fuerunt.
1585 1882 1785 1921 Fratrum
1815 1884 1857 1921 et
1884 1893 1986 1921 con—

367 1948 584 1987 uictorum
620 1949 661 1986 et
694 1947 1015 1998 discipulorum
1046 1959 1274 1993 numerus,
1298 1947 1341 1986 in
1365 1959 1415 1986 eo
1437 1949 1643 1998 frequens
1667 1948 1752 1994 est;
1785 1947 1983 1986 omnium

362 2005 554 2051 habetur
583 2012 709 2059 ratio,
745 2014 786 2050 vt
817 2012 861 2050 in
894 2012 1033 2051 literis
1061 2012 1223 2062 pariter
1248 2024 1298 2051 ac
1327 2011 1583 2051 christianis
1605 2011 1802 2050 moribus
1822 2013 1863 2050 et
1884 2023 1985 2050 vera

366 2077 526 2127 pietate
556 2088 835 2127 progressum
868 2077 1044 2116 faciant.
1081 2076 1295 2127 Discipuli
1327 2076 1511 2126 proinde
1541 2076 1586 2115 in
1617 2076 1740 2115 festis
1778 2075 1986 2115 celebrio-

367 2142 490 2181 ribus
520 2154 595 2192 per
624 2144 899 2192 peccatorum
931 2142 1252 2180 confessionem
1295 2153 1341 2180 se
1383 2141 1560 2180 Christo
1604 2140 1911 2187 reconciliant;
1944 2142 1986 2179 et

366 2206 527 2257 ipsum,
559 2207 705 2246 omnis
734 2208 954 2256 profectus
996 2206 1241 2253 authorem,
1283 2207 1328 2245 in
1371 2208 1651 2245 sacrosancto
1693 2205 1986 2244 eucharistiae

366 2273 641 2311 sacramento
671 2271 828 2310 deuote
858 2270 1121 2320 suscipiunt.
1154 2270 1438 2310 Conuictores
1468 2273 1614 2310 autem
1646 2271 1689 2309 id
1719 2270 1849 2321 longe
1879 2270 1987 2309 frae-

366 2336 576 2387 quentius
619 2336 801 2383 faciunt,
848 2335 990 2379 tertia,
1036 2337 1113 2374 aut
1155 2336 1348 2374 secunda
1391 2347 1565 2386 quaque
1608 2334 1869 2385 septimana,
1910 2336 1986 2374 aut

366 2400 559 2452 singulis
587 2401 718 2440 etiam
758 2403 855 2439 octo
899 2400 1069 2439 diebus.
1105 2400 1161 2439 Vt
1189 2401 1241 2439 de
1272 2400 1483 2439 fratribus
1526 2400 1639 2439 nihil
1678 2400 1877 2446 referam,
1908 2399 1985 2450 qui

367 2466 413 2505 in
459 2465 726 2511 obedientia,
772 2464 1038 2511 humilitate,
1085 2465 1436 2510 mortificatione,
1482 2464 1711 2511 modestia,
1756 2464 1983 2511 charitate,

366 2531 556 2581 aliisque
586 2530 826 2569 virtutihus
870 2541 958 2568 non
1002 2529 1195 2580 segniter
1237 2530 1602 2579 progrediunt11r3
1640 2529 1817 2580 pacifice
1854 2531 1985 2579 atque

430 2667 437 2684 ¹
462 2666 503 2697 In
527 2666 707 2706 catalogis
741 2665 887 2696 coaevis
921 2665 1058 2696 dicitur
1092 2664 1391 2699 mediolanensis,
1417 2665 1608 2705 ingressus
1642 2664 1861 2696 Societatem
1887 2672 1985 2695 anno

368 2720 458 2751 1550.
476 2719 569 2751 Vide
584 2718 708 2759 Epist.
727 2718 888 2750 lilia-tae,
907 2717 965 2750 IV.
984 2718 1055 2749 580.
1074 2717 1115 2749 In
1139 2717 1307 2758 catalogo
1330 2718 1475 2758 collegii
1498 2718 1665 2758 patavini
1683 2717 1728 2749 ah
1745 2717 1825 2758 ipso
1848 2716 1985 2757 scripto

367 2773 426 2804 die
448 2773 468 2804 4
492 2772 587 2803 Iunii
615 2772 693 2803 1557
717 2771 824 2803 dicit:
853 2784 868 2799 ⁴<
884 2770 923 2802 lo
946 2779 1013 2802 son
1048 2771 1136 2802 nato
1159 2771 1198 2802 in
1224 2770 1443 2802 Lomhardia
1476 2780 1650 2811 appresso
1673 2780 1695 2802 a
1717 2770 1870 2804 Milano:
1895 2777 1985 2801 sono

368 2825 556 2856 sacerdote
579 2824 778 2864 indegnO...
797 2836 812 2851 »
839 2823 879 2854 In
903 2823 981 2855 cod.
1007 2823 1172 2863 inform.
1198 2824 1292 2858 ant„
1318 2832 1354 2854 n.
1384 2823 1435 2854 57.

429 2880 440 2896 2
463 2877 515 2909 Ex
538 2877 672 2918 origin.
699 2877 737 2908 in
761 2876 839 2908 cod.
869 2875 998 2908 Germ.
1022 2875 1082 2911 39,
1108 2875 1130 2907 f.
1155 2876 1211 2914 553
1237 2875 1342 2916 prius
1367 2876 1425 2907 129
1447 2875 1549 2915 (154).
1568 2876 1632 2907 Est
1655 2875 1757 2907 aliud
1779 2874 1985 2915 exemplum

367 2931 406 2962 in
429 2930 452 2962 f.
476 2931 527 2962 59.
553 2930 661 2962 Edita
683 2930 741 2961 est
764 2930 810 2961 ab
834 2929 1002 2961 HANSEN:
1029 2928 1267 2960 Rheiuische
1282 2928 1449 2961 Akteu...
1467 2929 1620 2967 378-379;
1638 2937 1711 2960 non
1728 2937 1846 2969 pauca
1862 2928 1985 2959 tamen

367 2984 428 3015 ille
451 2983 589 3022 omisit,
613 2992 709 3024 quae
733 2982 841 3014 nobis
864 2991 938 3014 non
969 2981 1121 3013 inutilia
1142 2981 1327 3013 videntur.

428 3038 441 3055 ³
464 3036 500 3069 P.
526 3036 732 3068 Everardus
756 3035 1021 3067 Mercurianus
1046 3033 1097 3066 Cf.
1123 3034 1266 3065 Laiuii
1289 3034 1461 3066 Monam.
1486 3034 1528 3073 V,
1555 3035 1612 3065 167
1636 3043 1728 3075 sqq.,
1753 3034 1814 3065 333
1836 3042 1914 3075 sqq.
1973 3028 1976 3053 '
