2099 3516
445 282 525 318 622.
554 304 592 308 η
624 282 865 319 VINDOBONA
892 283 938 319 29
964 283 1155 320 IANUARII
1186 283 1275 320 1562
1578 281 1645 318 747

68 401 130 441 ris
158 412 249 440 non
278 401 465 440 obscure
495 401 542 440 T.
577 402 627 441 R.
660 402 905 442 coniectare
928 402 1070 453 potuit
1100 405 1128 449 ¹,
1153 402 1396 442 foecundae
1420 413 1596 453 quoque
1625 412 1697 440 ex-

68 465 270 517 titerint),
303 467 351 505 ut
382 465 534 505 multis
562 466 695 505 etiam
716 467 978 518 parasangis
1007 479 1056 507 ea
1088 469 1310 518 superent,
1334 467 1430 506 siue
1460 477 1695 505 numerum

69 530 463 582 peregrinantium,
491 530 587 569 siue
612 543 790 571 emensa
811 533 866 571 ab
886 533 950 571 eis
979 541 997 559 ἃ
1030 532 1204 575 itinera.
1228 532 1323 571 siue
1346 532 1515 571 fructus
1544 542 1696 570 eorum

69 596 316 636 uberrimos
345 597 539 646 spectes3
572 596 657 635 iam
690 597 807 635 enim
838 609 927 652 non
958 609 1004 637 se
1034 598 1149 637 intra
1173 598 1307 637 buius
1328 596 1584 647 prouinciae
1614 597 1696 634 ter-

69 661 229 708 minos,
275 662 323 700 ut
365 662 481 707 ante,
513 661 844 705 continuerunt,
882 663 957 701 sed
1003 663 1209 702 Austriae
1253 663 1363 701 fines
1405 660 1586 712 egressi,
1618 660 1694 711 alij

68 725 273 765 Boemiae
301 737 403 765 oras
432 725 689 776 attigerunt,
722 726 797 777 alij
833 727 1123 778 Hungariam.
1157 727 1230 777 alij
1278 726 1521 766 Morauiam
1566 726 1697 775 longe

68 791 243 841 lateque
272 792 561 842 penetrarunt
590 792 712 829 tanta
742 803 841 830 cum
874 792 1216 843 fragrantissimi
1238 792 1387 831 odoris
1408 791 1460 830 de
1482 790 1697 830 Societate

68 856 201 903 fama,
232 857 398 907 quanta
444 855 634 894 maxima
678 867 788 906 pene
832 868 928 895 esse
974 859 1128 907 potest.
1160 857 1270 896 Nam
1318 868 1415 895 cum
1453 866 1607 895 omnes
1637 855 1698 894 ita

68 932 174 961 suas
203 920 519 960 informassent
549 920 758 962 rationes.
793 924 838 960 ut
869 921 954 960 sibi
986 922 1100 961 1111111
1144 922 1327 961 omnino
1371 921 1417 960 in
1460 932 1541 960 sua
1580 932 1699 971 pere-

67 986 321 1037 grinatione
350 987 522 1036 praeter
556 985 626 1024 sui
657 985 800 1036 ipsius
847 987 1209 1026 mortificationes
1239 989 1278 1027 et
1312 986 1500 1038 proximi
1533 986 1699 1026 utilita-

67 1053 153 1091 tem
205 1050 507 1102 quaerendum
545 1062 641 1090 esse
680 1051 912 1099 ducerent,
964 1052 1049 1091 huc
1097 1065 1251 1092 omnes
1296 1051 1461 1103 ingenij
1515 1063 1694 1098 neruos,

67 1128 195 1156 suam
225 1115 507 1157 industriam.
532 1127 680 1166 preces
710 1115 728 1141 b
757 1117 984 1167 animique
1009 1118 1441 1163 commentationem,
1464 1116 1597 1156 remis
1626 1128 1699 1156 ue-

67 1181 212 1232 lisque
261 1181 393 1232 (quod
442 1181 584 1231 aiunt)
634 1181 794 1221 referre
842 1183 1009 1231 singuli
1066 1184 1359 1222 conabantur.
1406 1182 1561 1221 Libere
1618 1181 1699 1233 igi-

68 1249 140 1286 tur
180 1246 267 1286 sibi
314 1246 494 1286 obuiam
544 1246 682 1286 factos
725 1247 780 1286 ad
819 1248 1136 1296 consessiones,
1182 1247 1237 1287 ad
1281 1260 1432 1287 sacrae
1479 1258 1699 1298 synaxeos

69 1311 409 1362 perceptionem,
458 1313 500 1351 et
548 1314 596 1351 ut
641 1312 763 1351 carni
809 1324 858 1351 ac
898 1312 1022 1363 uitijs
1067 1315 1328 1363 perpetuum
1375 1312 1541 1351 bellum
1585 1311 1699 1351 indi-

67 1379 229 1426 cerent,
275 1389 364 1417 non
416 1389 515 1416 raro
568 1377 941 1423 exhortabantur3
993 1378 1184 1423 iurandi,
1228 1378 1450 1430 iurgandi,
1496 1377 1697 1428 potandi,

69 1443 298 1494 Deumque
328 1442 373 1482 id
396 1454 537 1493 genus
558 1442 684 1493 uitijs
714 1442 983 1490 offendendi,
1009 1455 1151 1482 mores
1177 1443 1537 1494 corruptissimos
1559 1450 1573 1469 0
1603 1442 1700 1482 ubi-

68 1519 154 1559 que
184 1519 344 1558 magna
389 1519 488 1547 cum
519 1508 719 1547 omnium
766 1508 1072 1547 aedificatione
1120 1509 1295 1547 abolere
1343 1508 1696 1553 contendebant;

70 1572 317 1612 uisitabant
346 1573 477 1612 aedes
507 1575 803 1623 aegrotorum.
836 1573 1017 1612 adibant
1049 1585 1258 1618 carceres,
1291 1572 1538 1625 gymnasia,
1562 1575 1604 1612 et
1623 1572 1699 1611 tri-

70 1637 211 1677 uiales
240 1637 455 1689 quasdam
477 1638 622 1677 scolas
652 1638 857 1688 ingressi,
883 1638 1157 1677 iuuentutem
1181 1639 1235 1677 ad
1257 1641 1448 1678 ueterem
1480 1637 1697 1677 maiorum

67 1714 248 1742 suorum
272 1703 479 1754 pietatem
505 1715 663 1754 magno
685 1715 784 1742 cum
806 1703 1022 1751 omnium,
1046 1706 1139 1742 tum
1162 1706 1493 1755 praeceptorum
1515 1715 1697 1742 suorum

68 1767 304 1818 applausu,
336 1768 587 1807 excitabant
632 1768 1072 1819 inflammabantque.
1106 1768 1401 1809 Contionibus
1444 1780 1549 1808 uero
1588 1780 1700 1819 quas

69 1832 116 1871 in
145 1832 367 1883 supremis
396 1845 526 1884 saepe
555 1833 789 1873 ciuitatum
812 1833 1003 1884 templis.
1037 1834 1228 1873 diuersis
1248 1833 1267 1859 ‘¹
1290 1833 1506 1884 paroecijs
1537 1835 1579 1872 et
1611 1844 1699 1872 mo-

68 1894 277 1949 nasterijs
323 1898 642 1938 celebrioribus
690 1899 742 1938 ad
794 1899 1008 1949 populum
1057 1900 1323 1946 habuerunt,
1357 1898 1399 1938 id
1431 1910 1521 1937 non
1551 1898 1697 1937 solum

67 1965 173 2002 sunt
202 1963 409 2008 assecuti,
430 1965 478 2003 ut
498 1963 543 2002 in
566 1964 887 2003 haereticorum
915 1964 1078 2003 animis
1101 1975 1260 2015 graues
1280 1963 1577 2003 conscientiae
1600 1974 1701 2002 acu-

69 2028 161 2067 leos
191 2028 507 2079 relinquerent,
538 2041 691 2068 uerum
722 2029 870 2072 etiam,
894 2031 943 2068 ut
963 2029 1159 2080 quidam.
1184 2029 1342 2068 diuina
1371 2040 1446 2068 eos
1476 2028 1661 2067 iuuante
1682 2035 1698 2053 θ

68 2093 225 2144 gratia,
258 2093 313 2132 ad
343 2096 521 2133 sanctae
552 2094 772 2134 Ecclesiae
802 2094 1018 2145 gremium
1053 2094 1203 2133 multis
1233 2106 1333 2133 cum
1364 2093 1606 2145 lachrymis
1635 2104 1700 2132 re-

69 2160 360 2205 uerterentur,
389 2161 520 2210 atque
550 2159 596 2198 in
617 2171 669 2199 ea
689 2171 735 2199 se
766 2159 876 2198 mori
900 2160 1014 2199 uelle
1035 2159 1243 2199 dicerent.
1269 2159 1477 2210 Magnum
1499 2158 1698 2197 studium

69 2223 344 2275 multamque
373 2235 551 2275 operam
574 2225 621 2263 in
642 2225 853 2264 tollendis
876 2225 1167 2275 parochorum
1192 2236 1289 2263 cum
1313 2224 1407 2263 suis
1437 2223 1699 2263 concubinis

69 2289 205 2340 (quod
235 2289 402 2329 malum
432 2290 545 2341 proh
575 2290 702 2329 dolor
731 2290 803 2329 his
833 2290 879 2329 in
910 2290 1020 2329 locis
1050 2290 1419 2340 pernitiosissime
1454 2290 1697 2340 grassatur)

68 2354 485 2400 consuetudinibus,
517 2357 650 2406 atque
671 2355 774 2405 alijs
795 2367 948 2395 eorum
980 2355 1178 2394 moribus
1199 2367 1222 2393 a
1246 2366 1327 2394 suo
1349 2354 1490 2393 offitio
1520 2353 1698 2393 alienis-

68 2419 210 2467 simis,
242 2420 421 2471 quando
451 2421 641 2460 dabatur
670 2421 859 2467 occasio,
901 2420 1243 2471 diligentissime
1272 2420 1565 2459 collocabant.
1599 2419 1700 2459 Tes—

68 2487 187 2524 tatur
216 2485 261 2524 id
290 2497 397 2525 sane
418 2486 489 2525 uel
513 2486 694 2525 unicum
725 2486 998 2536 praeclarum
1032 2486 1143 2524 illud
1173 2485 1438 2535 exemplum.
1459 2484 1565 2523 Nam
1599 2496 1699 2524 cum

69 2549 207 2589 ieiuni
237 2550 377 2601 aliqui
402 2562 553 2590 eorum
576 2553 667 2590 toto
688 2551 759 2590 die
780 2551 997 2590 immensa
1019 2550 1153 2589 semel
1175 2549 1470 2589 confecissent
1491 2549 1697 2597 miliaria,

66 2616 199 2666 atque
228 2615 479 2667 Direnpach
502 2616 637 2667 (quod
667 2618 733 2656 est
763 2616 989 2655 Morauiae
1011 2616 1240 2666 oppidum)
1265 2614 1560 2665 appulissent,
1593 2614 1701 2654 scis-

131 2807 150 2826 a
170 2799 216 2831 ab
239 2799 294 2831 eis
311 2809 439 2840 supra
462 2809 578 2838 vers„
614 2800 724 2833 delet.
749 2800 832 2832 eius
855 2800 915 2840 (Ξ).
940 2818 979 2822 —
1003 2802 1021 2828 b
1042 2808 1166 2840 preses
1201 2807 1272 2830 ms.
1297 2798 1376 2830 Alc.
1400 2807 1458 2830 θα).
1495 2806 1633 2839 preces.
1660 2816 1701 2820 —

70 2860 85 2879 c
103 2852 188 2893 Seq.
203 2853 307 2885 verb.
322 2853 502 2890 deletion,
518 2854 621 2894 qaod
636 2853 761 2894 legere
775 2853 1041 2894 nequivimus.
1057 2872 1095 2874 —
1109 2852 1125 2878 sl
1148 2852 1229 2884 Del.
1245 2851 1436 2893 paroesijs.
1454 2870 1494 2874 —
1506 2860 1522 2878 e
1544 2851 1700 2883 iuuante

68 2915 196 2947 supra
218 2915 334 2943 vers„
360 2907 481 2939 deleto
505 2907 726 2948 opitulante.

133 3067 143 3085 1
166 3066 259 3099 Vide
282 3076 317 3108 p.
342 3067 415 3099 280.
