2099 3516
489 237 569 273 531.
597 258 639 263 —-
667 237 1023 273 CAEsAnAUGUSTA
1053 235 1095 270 19
1122 234 1221 270 MAit
1250 234 1336 269 1561
1611 234 1681 269 339

101 371 156 399 ex
197 359 281 398 hoc
324 358 494 396 fructus
535 355 711 395 elicitur
753 366 843 394 non
885 353 1088 403 exiguus.
1134 352 1367 403 Templum
1412 354 1611 391 nostrum
1656 352 1729 391 his

104 423 333 463 mensibus
374 421 556 472 optimis
598 419 872 459 ornamentis
915 420 1095 457 auctum
1125 420 1166 456 et
1209 417 1463 456 decoratum
1498 418 1591 463 est3
1623 419 1730 456 sunt

102 488 236 527 etiam
265 486 341 538 qui
372 486 500 537 plura
529 497 576 525 se
604 485 788 524 daturos
817 483 1074 522 obtulerint.
1115 482 1391 521 Bibliotheca
1435 481 1565 520 etiam
1611 481 1730 520 locu—

104 552 263 603 pletior
291 551 444 590 effecta
473 552 566 597 est,
599 549 780 601 quidam
811 547 928 587 enim
959 547 1140 594 nobilis,
1172 546 1248 597 qui
1289 558 1370 585 nos
1408 558 1556 585 amore
1584 557 1732 596 prose-

102 617 255 668 quitur
285 627 374 655 non
404 615 593 665 vulgari,
626 615 764 653 libros
793 624 884 652 non
915 624 1093 663 paucos,
1125 611 1391 662 eosdemque
1422 622 1511 650 non
1545 611 1732 661 exiguae

103 681 443 727 aestimationis,
476 681 718 731 itidemque
761 678 927 718 nostris
958 677 1112 717 vsibus
1149 676 1624 723 acommodatissimos,
1657 676 1733 715 do-

104 747 231 787 nauit
260 746 403 786 nobis.
436 746 605 785 Domus
635 747 857 795 praeterea
893 742 1135 782 materialis
1165 743 1483 781 incrementum
1513 741 1732 780 aedificio·

105 824 203 852 runi
232 810 441 862 suscepit,
473 822 563 849 non
606 809 722 848 enim
768 810 868 859 apte
897 810 1076 847 auctum
1121 807 1207 846 iam
1254 806 1438 846 fratrum
1479 809 1733 845 nostrorum

105 888 337 917 numerum
368 875 584 926 capiebat,
616 875 876 923 susceptura
907 873 953 912 in
983 873 1078 911 dies
1114 872 1278 922 plures,
1311 871 1488 910 fauente
1518 871 1623 910 Deo.

186 942 249 981 102.
284 941 364 980 His
395 940 623 979 mensibus
653 939 781 978 multi
812 950 907 977 sese
937 938 1067 977 nobis
1096 937 1338 988 adjungere
1366 936 1616 987 cupierunt,
1657 936 1734 975 sed

106 1006 272 1058 repulsi
302 1008 407 1046 sunt
449 1005 629 1056 quidam
661 1016 751 1043 non
794 1003 904 1042 satis
948 1003 1153 1042 instituto
1196 1003 1350 1040 nostro
1379 1000 1486 1052 apti,
1519 1012 1598 1040 nec
1633 1003 1736 1040 voto

105 1072 326 1123 aequales,
372 1070 568 1110 Admissi
599 1071 705 1109 sunt
733 1071 836 1114 tres,
870 1080 984 1107 vnus
1004 1067 1224 1113 sacerdos,
1256 1066 1333 1117 qui
1364 1066 1409 1105 id
1440 1078 1515 1116 per
1545 1066 1734 1105 multum

107 1138 194 1177 iam
224 1139 398 1187 tempus
440 1137 628 1186 optarat,
660 1134 826 1185 quique
868 1132 1189 1172 confessarium
1233 1133 1332 1182 aget
1376 1132 1614 1178 idoneum;
1647 1132 1736 1171 duo

106 1203 237 1242 etiam
281 1201 474 1252 optimae
503 1200 668 1239 indolis
707 1199 898 1251 juuenes
939 1197 1058 1237 haud
1102 1197 1305 1236 obscuris
1334 1196 1594 1247 parentibus
1633 1196 1734 1243 orti,

106 1268 217 1307 alter
260 1265 605 1318 grammaticem,
638 1265 749 1304 alter
790 1263 1063 1303 dialecticem
1097 1274 1198 1302 cum
1242 1261 1527 1313 philosophia
1572 1262 1734 1301 medio-

106 1333 238 1373 criter
279 1331 421 1371 edocti
451 1336 479 1372 ¹.
510 1330 750 1381 Speramus
792 1329 940 1374 etiam,
974 1328 1150 1367 fauente
1193 1327 1399 1372 Domino,
1432 1327 1523 1366 fore
1554 1329 1600 1365 vt
1645 1339 1735 1366 non

107 1398 247 1438 multo
290 1396 454 1436 abhinc
483 1398 678 1446 tempore
723 1393 930 1433 nonnulli
960 1393 1016 1432 ad
1046 1403 1127 1431 nos
1171 1394 1413 1438 transeant,
1446 1393 1598 1430 nostro
1628 1391 1738 1431 satis

108 1462 254 1502 idonei
299 1461 520 1507 instituto,
552 1460 628 1511 qui
659 1459 747 1498 iam
790 1470 921 1509 saepe
950 1469 1134 1497 suorum
1178 1457 1225 1496 in
1260 1457 1343 1496 hoc
1372 1458 1576 1496 votorum
1608 1456 1739 1507 signa

107 1527 400 1579 explicarunt.

190 1593 252 1632 13.
286 1593 335 1631 In
357 1593 511 1631 sancta
541 1589 818 1630 hebdomada
848 1589 1061 1639 templum
1087 1590 1288 1627 nostrum
1319 1599 1420 1626 cum
1451 1589 1740 1627 monumento

109 1658 282 1709 egregie
324 1658 481 1696 ornata
511 1656 647 1702 fuere,
680 1655 1020 1706 hospitatusque
1064 1655 1129 1693 est
1159 1653 1277 1703 apud
1321 1665 1404 1692 nos
1436 1664 1549 1691 vnus
1583 1664 1635 1692 ex
1665 1653 1740 1692 do-

110 1723 244 1762 minis
273 1722 633 1773 inquisitoribus,
656 1721 733 1772 qui
763 1732 887 1760 sacra
917 1719 1051 1759 trium
1082 1719 1254 1757 dierum
1286 1718 1453 1769 peregit
1473 1717 1616 1757 officia
1636 1729 1739 1758 cum

108 1789 346 1828 deuotione
375 1787 510 1826 simul
531 1789 573 1826 et
593 1785 900 1825 aedificatione
920 1784 1163 1824 astantium
1194 1795 1284 1822 non
1317 1783 1506 1834 vulgari.
1541 1783 1740 1823 Accessit

109 1856 215 1894 tunc
256 1855 425 1904 praeter
463 1851 746 1903 popularium
791 1861 999 1901 magnum
1045 1860 1295 1895 numerum,
1328 1860 1558 1898 procerum
1606 1849 1740 1888 etiam

110 1918 377 1965 multitudo;
423 1917 688 1957 dictitabant
731 1915 913 1967 plurimi
956 1914 1256 1965 gratissimam
1300 1914 1386 1953 sibi
1430 1925 1526 1953 esse
1555 1925 1606 1953 eo
1636 1916 1742 1953 tem-

109 1996 214 2036 pore
243 1983 454 2023 ecclesiae
497 1984 674 2022 nostrae
716 1980 1102 2032 tranquillitatem,
1136 1979 1315 2018 modum
1361 1979 1493 2018 etiam
1525 1979 1616 2019 illis
1646 1981 1741 2031 plu-

110 2050 271 2090 rimum
302 2048 510 2095 arridere,
542 2060 630 2099 quo
660 2047 706 2086 in
736 2045 1045 2097 persoluendis
1073 2045 1211 2085 sacris
1241 2044 1397 2096 officiis
1428 2045 1605 2084 vtimur.

193 2115 255 2156 14.
288 2115 412 2153 R.¹D¹¹S
442 2113 650 2154 Oscensis
679 2112 915 2163 episcopus
943 2112 958 2146 2
988 2111 1121 2150 solito
1165 2122 1247 2149 nos
1290 2110 1442 2149 fauore
1472 2112 1515 2149 et
1551 2111 1742 2151 beneuo-

111 2180 248 2220 lentia
290 2179 589 2231 prosequitur,
621 2177 779 2228 bisque
822 2177 869 2215 in
897 2176 1062 2227 templo
1092 2177 1244 2215 nostro
1288 2175 1470 2214 missam
1499 2176 1744 2216 solenniter

174 2329 182 2347 ¹
207 2327 249 2359 In
272 2326 351 2359 cod.
375 2325 551 2367 Arayon.
570 2325 630 2365 15,
647 2325 683 2357 ff.
707 2325 801 2357 90-91
826 2325 950 2357 exstat
969 2337 984 2353 ⁴<
998 2323 1174 2365 Catalogo
1197 2323 1241 2355 de
1258 2323 1365 2355 todos
1382 2323 1437 2355 los
1460 2323 1530 2356 Res
1550 2323 1649 2356 Hr.0s
1671 2333 1743 2365 que

112 2381 188 2414 han
211 2381 292 2413 sido
315 2379 525 2412 rescebidos
549 2388 569 2411 0
593 2378 669 2410 han
693 2379 836 2410 muerto
852 2387 898 2410 en
921 2379 999 2410 este
1015 2378 1117 2410 coll.0
1137 2378 1182 2410 de
1198 2377 1348 2421 §laragna
1370 2377 1479 2408 hasta
1502 2377 1558 2408 los
1584 2377 1685 2409 v1t30s
1698 2376 1743 2409 de

112 2435 226 2468 Junio
250 2434 329 2466 1567
352 2447 382 2466 ».
407 2433 449 2465 In
473 2432 542 2465 hoc
565 2432 746 2474 catalogo,
771 2432 812 2464 in
834 2441 908 2473 quo
932 2432 1006 2463 iam
1028 2432 1186 2464 fortasse
1203 2432 1331 2473 aliqua
1354 2432 1476 2463 errata
1499 2431 1741 2471 irrepserunt,

114 2489 311 2530 sequentes
345 2487 586 2519 recensentur
618 2486 773 2518 admissi
798 2495 896 2518 anno
920 2487 1022 2518 1561:
1062 2486 1087 2517 F
1090 2487 1283 2518 ranciscus
1306 2486 1414 2525 Deca,
1439 2493 1564 2516 mense
1587 2484 1742 2524 Martio;

114 2542 170 2574 Fr.
195 2541 325 2574 Petrus
348 2540 528 2579 Palacios,
554 2539 681 2572 eodem
704 2548 851 2579 mense;
877 2539 913 2571 P.
940 2540 1097 2572 Ioannes
1121 2540 1344 2578 Fernandez,
1370 2547 1494 2570 mense
1528 2538 1658 2577 Iunio;
1684 2537 1741 2570 Fr.

114 2595 309 2636 Philippus
333 2594 377 2626 de
399 2593 526 2632 Areos,
554 2601 679 2625 mense
703 2592 930 2634 Septembri;
956 2593 1013 2626 Fr.
1039 2593 1197 2625 loannes
1220 2592 1391 2634 Aguirre‚
1418 2592 1474 2624 Fr.
1499 2591 1632 2632 Ioseph
1650 2590 1745 2623 Gon-

115 2649 224 2689 calez,
250 2647 307 2680 Fr.
325 2647 574 2687 Hieronymus
600 2645 738 2688 Spinel,
756 2655 882 2678 mense
905 2646 1077 2687 Octol)1·i;
1102 2646 1158 2679 Fr.
1187 2646 1318 2678 Petrus
1345 2646 1389 2678 de
1404 2645 1510 2681 Vera,
1536 2653 1661 2676 mense
1677 2644 1746 2676 No-

51 2718 53 2720 ·
115 2701 268 2733 vembri.

176 2757 189 2774 2
211 2754 343 2787 Petrus
376 2753 625 2795 Augustinus,
651 2753 729 2794 qui,
765 2754 807 2785 ut
830 2752 983 2786 Alvarez
1007 2754 1046 2785 in
1080 2753 1249 2786 Historia
1283 2762 1371 2785 mss.
1397 2761 1498 2794 prov,
1534 2751 1745 2793 Aragoniae

116 2817 196 2850 cap.
220 2808 260 2840 75
282 2807 429 2846 asserit,
454 2807 494 2839 in
516 2806 611 2839 festo
634 2805 779 2840 SSmae.
805 2806 1016 2843 Trinitatis,
1035 2807 1094 2839 die
1116 2808 1136 2839 9
1159 2807 1259 2839 Iunii
1285 2807 1377 2845 1560,
1403 2805 1549 2846 collegii
1565 2805 1744 2846 templum

117 2861 364 2895 consecrarat.
388 2860 440 2893 Cf.
465 2861 578 2893 etiam
601 2860 697 2893 Litt.
727 2859 933 2900 Qamclrim.
956 2860 1017 2900 VI,
1042 2861 1114 2893 774.
1140 2861 1236 2893 Hinc
1259 2860 1431 2902 sequitur
1453 2859 1520 2891 aut
1547 2858 1744 2899 irrepsisse

117 2923 276 2948 errorem
299 2915 339 2946 in
362 2914 555 2946 notatione
578 2913 755 2955 temporis
778 2923 852 2955 quo
874 2913 966 2946 haec
989 2914 1097 2956 epist.
1122 2914 1210 2946 data
1244 2914 1394 2952 dicitur,
1430 2913 1495 2944 aut
1529 2912 1746 2944 anniversa-

118 2969 211 3001 riam
234 2968 619 3000 commemorationem
643 2976 717 2999 non
740 2975 822 2999 esse
843 2967 979 2999 factam
1002 2968 1062 3000 die
1084 2969 1104 3000 9
1127 2968 1239 3005 Iunii,
1275 2977 1341 3000 nec
1376 2966 1435 2999 die
1468 2966 1563 2998 festo
1597 2965 1744 2998 SSmae.

117 3021 328 3060 Trinitatis
353 3021 419 3062 qui
442 3029 541 3053 anno
565 3020 643 3053 1561
668 3020 708 3052 in
731 3020 828 3052 diem
852 3021 866 3052 1
893 3020 993 3053 Iunii
1019 3021 1165 3053 incidit.
