2099 3516
422 254 483 289 151>
887 255 1087 291 LITTERAE
1121 257 1464 300 Qummimzs‘rnsss

366 374 572 423 discipuli
617 375 877 423 sequuntur,
920 386 1007 413 una
1049 386 1147 413 cum
1193 375 1525 415 coadiutoribus
1555 377 1743 421 duobus,
1793 391 1979 429 quorum

367 440 559 487 protecto
591 449 717 476 nemo
748 450 835 476 non
866 449 1072 488 prospera
1104 439 1264 477 fruitur
1294 439 1562 481 ualetudine.
1595 441 1819 492 animique
1862 445 1980 482 tran-

365 502 598 552 quillitate.
634 502 737 541 [nde
768 503 828 549 fit,
862 505 909 541 ut
945 514 1020 552 pro
1050 514 1095 541 se
1125 502 1313 552 quisque
1335 503 1548 550 doctrina,
1574 504 1736 551 labore,
1762 507 1978 555 precibus,

369 567 565 614 proximo
597 569 767 616 praesto
797 579 891 605 esse
921 567 1117 613 studeat;
1150 578 1229 605 nec
1252 578 1339 606 non
1361 567 1579 607 industria
1601 580 1696 615 sua,
1719 571 1863 620 quoad
1885 571 1980 610 eius

365 631 455 669 fieri
489 633 642 680 potest,
676 631 807 682 [euml
839 644 863 669 a
894 631 1054 670 scelere
1097 633 1138 669 et
1167 632 1222 669 ab
1254 631 1455 682 incoepto
1503 644 1728 683 perperam
1758 647 1889 675 cursu
1925 637 1979 675 ad

364 696 550 735 salutem
582 708 800 735 reuocare.
833 696 995 735 Omnes
1024 696 1099 746 qui
1130 695 1201 734 hic
1230 696 1446 746 degimus,
1480 697 1616 736 faesto
1659 698 1751 738 diui
1787 699 1981 740 Thomae

363 760 417 799 ad
451 760 693 799 uberiorem
724 760 910 808 gratiam
958 772 1009 798 ex
1055 760 1264 799 thesauro
1298 761 1453 799 diuino
1498 762 1854 812 depromendam,
1893 776 1979 815 qua

363 824 525 864 Christi
547 825 733 863 consilia
750 827 880 874 atque
903 824 1101 863 iniuncta
1123 824 1252 863 nobis
1283 825 1435 864 munia
1456 826 1511 864 ab
1533 826 1784 866 obedientia
1805 828 1980 868 facilius

362 901 644 940 exequamur,
677 889 869 939 generali
902 891 1152 928 nostrorum
1186 891 1460 939 peccatorum
1490 891 1767 931 confessione
1815 892 1980 932 instau-

363 954 445 993 rati
475 966 652 997 sumus;
685 953 908 1003 supplices
937 953 1094 992 deinde
1125 956 1228 992 uota
1271 954 1468 993 diluculo
1497 955 1587 994 alta
1633 968 1738 995 uoce
1778 957 1980 1007 repetiui-

363 1030 475 1067 mus,
508 1017 821 1069 praeeuntibus
851 1019 997 1056 tamen
1026 1017 1318 1065 orationibus,
1349 1019 1632 1070 corporisque
1675 1021 1976 1071 castigatione.

362 1083 528 1134 Opinor
558 1083 662 1125 fore,
699 1084 743 1121 ut
773 1082 820 1121 P.
845 1081 891 1121 T.
917 1094 1005 1120 non
1036 1082 1244 1121 'mediocri
1274 1083 1494 1122 afficiatur
1522 1084 1700 1134 gaudio,
1732 1084 1785 1126 si.
1816 1085 1980 1136 quibus

362 1160 442 1187 nos
490 1147 685 1198 proxime
733 1146 894 1196 studiis
935 1146 1274 1193 exercuerimus,
1320 1147 1512 1186 breuiter
1551 1148 1975 1199 significauerotibi.

361 1213 513 1251 Visum
545 1214 610 1250 est.
640 1212 686 1250 P.
722 1211 893 1250 Rectori
926 1213 936 1235 1
968 1213 1069 1250 ante
1099 1210 1262 1251 Christi
1293 1212 1470 1251 Domini
1502 1213 1641 1252 nostri
1663 1214 1809 1253 natale
1829 1214 1979 1264 aliqua

360 1277 549 1327 spiritali
579 1276 891 1315 exercitatione
920 1276 974 1315 ad
1005 1278 1187 1315 fratrum
1219 1276 1343 1319 uitia,
1376 1276 1412 1315 si
1443 1289 1530 1327 qua
1559 1280 1678 1325 sunt,
1709 1278 1978 1317 extrahenda

361 1341 438 1381 uti.
470 1341 649 1380 Eductis
680 1341 828 1391 itaque
863 1340 1072 1387 sortibus,
1109 1352 1238 1391 quem
1268 1341 1456 1392 quisque
1485 1341 1765 1386 sortiebatur,
1789 1342 1979 1381 habebat

360 1407 405 1446 in
449 1408 659 1457 suggestu
691 1406 839 1444 uerbis
881 1405 1111 1455 castigare,
1161 1405 1257 1444 eius
1299 1405 1494 1445 defectus
1537 1406 1707 1453 leniter,
1752 1418 1975 1457 aspeoeue,

361 1474 490 1521 prout
546 1471 705 1521 cuique
754 1470 1001 1518 uidebatur,
1047 1470 1305 1520 detegendo,
1368 1470 1551 1521 reliquis
1597 1471 1974 1511 accumbentibus.

363 1537 414 1575 Vt
444 1538 589 1575 autem
619 1535 670 1574 ad
705 1535 787 1573 hoc
817 1535 1034 1584 agendum
1066 1537 1159 1574 tum
1191 1534 1376 1580 facilior,
1422 1537 1514 1574 tum
1544 1535 1789 1585 expeditior
1829 1536 1978 1576 aditus

362 1602 540 1652 pateret,
572 1612 597 1639 a
627 1599 818 1650 singulis
849 1599 1015 1650 singuli
1038 1599 1208 1645 fratres,
1233 1599 1396 1649 quibus
1425 1599 1469 1638 id
1502 1599 1669 1650 negocij
1694 1602 1786 1639 erat
1808 1600 1979 1640 iniunc-

359 1668 466 1709 tum,
486 1664 784 1715 inquirebant,
808 1664 1134 1707 scrutabantur,
1158 1663 1453 1714 omnibusque
1475 1663 1677 1714 uestigiis
1707 1664 1977 1715 indagabant

358 1732 548 1781 peccata,
580 1729 748 1779 culpas,
772 1728 996 1779 ignauiam
1021 1728 1168 1767 fratris
1189 1736 1205 1753 ss
1227 1728 1516 1779 obiurgandi:
1549 1740 1684 1779 quare
1704 1740 1755 1768 ea
1775 1729 1975 1768 adhibita

358 1795 441 1834 fuit
469 1793 715 1844 diligentia.
748 1796 795 1832 ut
825 1793 976 1832 fucosa
1006 1794 1154 1831 omnia
1184 1795 1226 1832 et
1255 1792 1425 1832 desidia
1455 1792 1630 1839 infecta,
1681 1793 1973 1844 pronunciata

358 1859 532 1910 publice
562 1858 739 1900 fuerint.
772 1858 895 1897 nulla
940 1857 1237 1908 [cui]usquam
1269 1856 1285 1882 Ι)
1322 1857 1474 1896 habita
1517 1857 1700 1897 ratione.
1748 1858 1882 1909 Atqui
1923 1870 1976 1898 ne

357 1923 616 1963 scandalum
633 1923 975 1973 subsequeretur
1004 1922 1156 1972 aliqua
1186 1922 1498 1972 imprudentia,
1530 1924 1764 1973 antequam
1802 1922 1843 1961 in
1876 1934 1976 1962 con—

356 1989 527 2028 cionem
558 1988 880 2033 ascenderetur,
913 1987 1099 2026 iusserat
1133 1987 1262 2026 Pater
1308 1986 1393 2025 sibi
1436 1986 1780 2037 chirographum
1811 1987 1973 2033 afferri,

358 2056 405 2092 ut
434 2053 471 2092 si
514 2065 600 2103 qua
644 2052 865 2091 reticenda
913 2052 1283 2091 commutandaue
1312 2053 1473 2096 essent,
1520 2051 1652 2091 litura
1701 2051 1972 2091 tollerentur.

358 2118 480 2157 Vnde
512 2117 718 2167 imposito
750 2116 1080 2166 reprehensioni
1112 2116 1305 2167 fastigio,
1339 2116 1454 2155 ultro
1484 2116 1680 2166 citroque
1710 2116 1839 2155 ambo
1886 2128 1975 2155 am-

357 2183 604 2233 plexantur,
655 2181 895 2232 porrigitur
941 2181 1241 2231 obiurgatoria
1290 2180 1500 2220 schedula
1546 2180 1742 2220 conuitio
1790 2181 1974 2219 honesto

358 2248 601 2288 uerberato,
635 2248 679 2285 ut
728 2258 809 2285 suo
852 2246 1082 2285 commodo
1128 2246 1321 2296 perlegat
1367 2257 1478 2287 eam,
1523 2246 1748 2284 admonita
1795 2248 1971 2289 caueat:

355 2312 417 2351 sic
447 2312 600 2350 ordine
630 2311 921 2350 succedebant
952 2310 1109 2361 reliqui
1141 2310 1279 2349 donec
1309 2310 1483 2361 incepto
1513 2310 1807 2361 impingerent
1854 2322 1974 2349 coro-

357 2377 473 2415 nida.
510 2377 567 2415 Ex
615 2388 702 2427 qua
746 2388 790 2414 re
836 2377 1105 2425 compertum
1157 2376 1336 2419 habeas,
1377 2387 1510 2425 quam
1558 2375 1746 2414 maxime
1793 2375 1974 2414 colende

358 2442 498 2487 Pater,
530 2454 619 2480 non
649 2441 793 2480 solum
824 2453 847 2479 a
878 2440 1049 2479 cunctis
1078 2440 1315 2479 maximam
1338 2440 1685 2479 consolationem
1709 2442 1970 2490 perceptam,

354 2507 429 2545 sed
479 2506 716 2557 plurimum
765 2517 941 2556 quoque
988 2505 1273 2543 emolumenti
1322 2505 1529 2544 haustum
1566 2512 1594 2543 ς.
1642 2504 1768 2544 Unus
1810 2504 1972 2543 etenim

354 2571 542 2621 quisque
572 2571 695 2609 iuxta
725 2570 839 2609 beati
871 2569 1071 2619 Apostoli
1102 2569 1366 2608 sententiam
1395 2570 1422 2617 ²,
1456 2569 1592 2608 ueteri
1632 2569 1810 2608 homine
1844 2568 1972 2618 depo-

354 2636 453 2683 sito,
496 2648 613 2674 nouo
661 2635 837 2673 uidetur
886 2634 1084 2680 indutus,
1116 2634 1294 2684 quando
1341 2634 1500 2673 salutis
1544 2634 1721 2672 initium
1752 2646 1775 2672 a
1807 2632 1970 2683 peccati

415 2827 430 2844 a
463 2818 588 2849 fratris
612 2826 735 2858 supra
754 2816 936 2848 verse-1»
955 2816 1174 2856 cuiusquam
1188 2815 1279 2846 aad.
1298 2815 1337 2846 in
1352 2824 1479 2855 mar-9.
1497 2833 1536 2836 —
1559 2823 1573 2841 c
1594 2814 1718 2845 Prius
1735 2814 1969 2846 exhaustum.

415 2979 424 2995 ¹
450 2977 485 3008 P.
511 2977 758 3017 Hieronymus
782 2976 952 3007 Rubiola.

415 3033 425 3049 ²
449 3031 499 3062 Cf.
527 3030 657 3062 Eram.
684 3029 742 3063 IV.
768 3030 818 3061 22.
