2099 3516
411 266 474 300 194
874 264 1076 300 LITTERAE
1110 263 1454 308 QUADmMESTREs

359 383 516 423 dendo.
548 383 616 422 Ab
646 382 833 421 infirmis
862 384 904 421 et
934 382 979 420 in
1009 381 1215 420 extremis
1246 381 1553 420 laborantibus
1587 392 1677 419 non
1707 392 1805 419 raro
1835 392 1974 420 accer—

360 449 518 487 suntur
546 447 701 492 nostri,
723 458 810 497 quo
831 448 1043 485 eteorum
1073 445 1257 484 audiant
1286 444 1605 491 confessiones,
1636 447 1678 483 et
1707 445 1753 483 in
1783 445 1972 484 transitu

359 512 422 550 eis
451 512 666 550 aduersus
695 511 959 549 daemonum
990 509 1185 548 insultus
1215 509 1364 559 aliquo
1387 508 1631 558 patrocinio
1661 520 1756 547 esse
1787 508 1971 558 possint.

361 576 410 614 ln
452 575 669 625 euangelij
722 573 1074 624 promulgatione
1122 573 1382 623 perpulchre
1427 584 1507 612 suo
1552 584 1732 612 munere
1775 573 1976 623 fungitur

360 640 428 680 Pr.
462 640 618 678 Rector
648 642 658 662 1
692 639 736 677 in
766 650 939 677 summo
969 638 1146 688 templo,
1184 637 1373 676 maxime
1402 639 1548 676 autem
1578 637 1662 676 hoc
1690 637 1974 688 quadragesi-

360 705 463 743 mali
495 704 660 743 ieiunio
690 703 881 753 singulis
910 702 1090 751 diebus;
1137 714 1323 752 magnus
1365 702 1529 752 quippe
1573 701 1785 741 continuo
1824 702 1974 741 aderat

357 769 609 808 auditorum
658 767 870 818 plurimas
913 767 1136 806 centurias
1179 766 1485 806 excedentium
1528 777 1785 812 concursus,
1834 766 1974 804 maior

361 845 460 872 vero
489 835 581 872 erat
609 844 761 871 eorum
803 829 1002 870 omnium
1045 832 1303 881 applausus,
1351 830 1569 869 maximus
1613 830 1803 880 denique
1847 829 1974 880 spiri-

359 898 493 936 tualis
522 897 705 943 fructus,
737 908 867 947 quem
897 908 948 935 ex
982 896 1059 935 tali
1104 895 1351 935 ministerio
1396 895 1485 933 fere
1528 906 1681 933 omnes
1723 894 1972 933 eliciebant.

360 962 525 1000 Horum
550 971 739 1011 namque
759 971 893 999 causa
914 960 1092 999 fuerunt
1121 960 1327 998 robustae
1360 959 1472 997 vires
1503 958 1663 997 mentis
1692 960 1733 997 et
1762 957 1973 1008 corporis,

358 1037 469 1076 quas
498 1025 713 1064 immensa
744 1024 820 1063 Dei
856 1024 1031 1063 bonitas
1068 1023 1208 1063 eidem
1249 1023 1367 1062 Patri
1411 1022 1783 1066 communicauit;
1831 1021 1976 1061 exitus

358 1090 491 1136 enim,
524 1091 568 1128 vt
597 1089 738 1135 aiunt,
770 1091 866 1128 acta
896 1089 1097 1139 probant.
1140 1088 1202 1127 De
1241 1087 1462 1138 spirituali
1498 1087 1691 1137 profecto
1723 1086 1815 1137 [εἰσ]
1847 1098 1976 1125 nemo

358 1157 423 1194 est
443 1154 518 1205 qui
540 1154 758 1205 ambigat3
782 1153 834 1193 de
854 1153 1072 1203 corporali
1094 1165 1196 1192 vero
1226 1152 1494 1198 valetudine,
1520 1163 1598 1190 nec
1617 1163 1669 1190 ex
1696 1151 1874 1197 nostris,
1899 1162 1977 1190 nec

358 1232 409 1258 ex
438 1219 631 1258 externis
661 1219 777 1258 vllus
809 1230 1001 1269 unquam
1034 1217 1249 1257 iudicauit
1281 1229 1409 1268 posse
1448 1228 1547 1256 eum
1586 1216 1802 1255 eiusmodi
1835 1216 1976 1266 quoti-

358 1284 539 1323 dianum
569 1296 748 1323 cursum
769 1284 820 1322 ad
852 1285 1009 1322 metam
1039 1283 1301 1333 producere,
1334 1282 1467 1332 idque
1497 1293 1586 1320 non
1618 1280 1731 1320 leuis
1760 1280 1975 1331 quaedam

358 1348 573 1388 stomachi
603 1347 886 1398 indispositio
917 1359 1017 1386 mox
1039 1347 1084 1386 in
1111 1347 1207 1398 ipso
1236 1357 1476 1397 congressu
1506 1346 1796 1396 subsequuta,
1828 1356 1978 1395 coepe-

358 1416 424 1452 rat
448 1413 721 1452 confirmare.
745 1412 829 1452 Sed
861 1412 945 1463 piJ's
976 1413 1040 1463 (ut
1060 1412 1176 1451 credi
1198 1411 1343 1460 datur)
1374 1410 1666 1460 plurimorum
1698 1409 1976 1448 orationibus

358 1489 457 1517 eum
502 1478 619 1517 Deus
649 1477 746 1528 Opt.
780 1477 892 1517 Max.
926 1477 1151 1527 pristinae,
1184 1476 1293 1527 quin
1339 1477 1380 1514 et
1422 1474 1588 1514 saniori
1628 1474 1873 1513 valetudini
1915 1485 1977 1512 re-

358 1542 516 1587 stituit,
558 1544 599 1581 et
636 1542 690 1581 ad
735 1542 865 1581 finem
910 1553 1046 1592 vsque
1088 1540 1386 1580 conseruauit.
1434 1539 1723 1578 Potissimum
1754 1541 1901 1577 tamen
1932 1539 1973 1577 id

357 1606 559 1646 effectum
589 1607 747 1657 opinor
776 1606 980 1657 precibus
1009 1606 1239 1645 cuiusdam
1279 1605 1357 1644 Dei
1392 1604 1525 1649 serui,
1557 1604 1632 1654 qui
1663 1603 1849 1642 salutem
1881 1603 1978 1642 ani-

358 1684 529 1711 marum
560 1672 687 1711 valde
716 1672 886 1719 sitiens,
917 1683 1017 1711 cum
1048 1671 1159 1710 Pris.
1193 1670 1391 1710 Rectoris
1424 1669 1747 1719 aegritudinem
1786 1668 1974 1711 audiret,

359 1737 526 1787 vigiliis
555 1748 605 1776 ac
633 1736 884 1787 disciplinis
913 1737 1051 1775 Deum
1082 1735 1243 1774 obnixe
1273 1735 1603 1785 deprecabatur,
1636 1735 1681 1772 vt
1711 1745 1824 1783 quae
1858 1733 1978 1771 infir-

359 1801 490 1840 mitas
519 1801 604 1852 ipsi
636 1801 754 1840 Patri
785 1802 1033 1840 obuentura
1062 1802 1168 1846 erat,
1201 1800 1246 1838 in
1277 1800 1514 1850 ipsummet
1542 1798 1846 1848 deprecantem
1877 1809 1977 1836 con-

359 1868 614 1905 uerteretur.
652 1866 913 1905 Exauditam
944 1865 1072 1905 credo
1102 1864 1331 1904 charitatis
1374 1863 1549 1913 plenam
1584 1862 1843 1909 orationem,
1876 1873 1977 1901 cum

360 1930 428 1970 Pr.
460 1943 561 1969 mox
592 1931 940 1969 incolumitatem
983 1930 1193 1976 sentiens,
1239 1929 1381 1979 ipsum
1429 1940 1504 1978 per
1532 1927 1557 1966 S
1588 1927 1654 1966 vel
1698 1927 1843 1965 decem
1883 1926 1978 1965 dies

359 1996 555 2035 febribus
594 1996 867 2034 laborantem
907 1995 1132 2034 inuiseret.
1166 1994 1231 2033 sit
1261 2005 1420 2032 nomen
1459 1992 1637 2031 Domini
1681 1991 1977 2030 benedictum.

437 2062 474 2100 2).
508 2061 693 2100 Fructus
722 2062 884 2107 autem,
907 2060 983 2111 qui
1010 2059 1266 2099 huiusmodi
1296 2059 1530 2097 conciones
1562 2056 1655 2107 (Dei
1687 2056 1843 2107 gratia)
1877 2067 1979 2094 con-

358 2128 606 2176 sequuntur
652 2125 875 2172 vberrimi,
925 2124 1135 2174 explicari
1180 2124 1253 2162 vix
1297 2124 1489 2173 queunt,
1537 2123 1663 2171 prout
1708 2132 1760 2159 ex
1803 2119 1977 2159 arcanis

358 2190 715 2230 confessionibus
744 2189 1101 2240 deprehenditur,
1133 2191 1175 2227 et
1204 2188 1409 2227 nonnulli
1440 2186 1603 2226 sublati
1634 2186 1802 2224 abusus
1831 2187 1977 2235 aperte

359 2258 597 2295 testantur:
631 2267 815 2305 quorum
850 2266 964 2293 Vnus
993 2256 1081 2292 erat
1119 2265 1207 2292 non
1248 2252 1467 2291 modicum
1512 2251 1700 2290 afferens
1743 2250 1977 2288 animabus

359 2320 660 2371 preiuditium,
693 2331 780 2370 quo
810 2319 1108 2358 introductum
1139 2320 1229 2356 erat
1261 2317 1524 2367 antiquitus,
1556 2318 1599 2354 vt
1619 2315 1656 2354 si
1686 2315 1756 2354 cui
1788 2314 1978 2353 feminae

359 2387 481 2436 pater
503 2385 569 2423 vel
592 2387 742 2426 mater.
766 2384 899 2425 filius,
924 2383 1123 2425 maritus,
1158 2383 1303 2429 frater,
1327 2393 1523 2424 sororue,
1555 2383 1634 2419 etc.
1659 2391 1681 2418 e
1713 2379 1801 2418 vita
1831 2379 1978 2418 subla-

359 2452 430 2489 tus
459 2451 595 2489 esset:
628 2449 746 2491 huic.
780 2449 901 2499 vulgi
937 2460 1136 2487 murmur
1178 2447 1364 2485 euadere
1408 2445 1618 2496 cupienti,
1665 2456 1841 2483 necesse
1884 2445 1978 2482 erat

359 2526 435 2564 per
464 2514 684 2564 integrum
714 2514 867 2552 saltem
908 2524 1075 2551 annum
1119 2512 1237 2551 domi
1282 2511 1446 2550 clausis
1489 2509 1693 2548 fenestris
1736 2519 1974 2547 remanere.

364 2578 570 2618 Effectum
601 2580 666 2616 est
696 2578 871 2616 tandem
901 2577 1056 2615 diuina
1085 2588 1181 2626 ope,
1215 2578 1273 2622 vt,
1310 2587 1409 2614 cum
1444 2573 1635 2625 publicis
1668 2572 1975 2619 concionibus,

359 2645 451 2682 tum
482 2642 668 2693 priuatis
697 2642 829 2681 etiam
859 2641 1258 2685 exhortationibus,
1292 2639 1551 2679 huiusmodi
1590 2637 1837 2687 corruptela
1874 2648 1977 2675 eua-

359 2708 526 2753 nuerit;
560 2707 705 2757 etqui
736 2707 848 2746 duos
877 2718 1018 2744 annos
1061 2705 1302 2755 aliquando
1347 2704 1474 2755 quasi
1516 2702 1704 2742 carceris
1747 2700 1977 2740 domestici

359 2772 621 2819 sustinebat,
654 2783 771 2811 nunc
804 2771 917 2810 duos
962 2782 1133 2809 menses
1176 2770 1249 2809 vix
1292 2772 1424 2820 queat
1466 2768 1700 2807 sustinere.
1747 2766 1867 2815 Quae
1910 2776 1978 2804 res

359 2839 573 2887 quantum
621 2835 941 2875 aedificationis
988 2835 1164 2885 ipsimet
1210 2835 1360 2884 vulgo,
1410 2833 1522 2872 alias
1565 2832 1696 2871 solito
1740 2830 1974 2876 oblatrare,

421 3033 429 3049 ¹
454 3030 490 3063 Ρ.
516 3031 732 3062 Baltliassar
762 3030 887 3062 Pifias.
