2099 3516
1627 268 1633 277 ί
1650 263 1669 274 -ο

490 271 570 308 575.
597 293 641 296 —
669 271 866 307 TREvlms
893 270 916 305 4
943 270 1198 306 SEPTEMBRIS
1229 268 1313 304 1561
1601 267 1665 302 531

92 391 244 442 populi
276 391 412 441 furor)
445 390 743 441 pepercerint;
768 389 841 429 sed
867 388 1038 428 nullum
1071 399 1158 426 non
1188 385 1514 429 concitationis,
1538 397 1587 424 ac
1616 396 1716 424 con-

91 456 330 497 iurationis
360 467 501 507 genus
530 458 683 494 contra
712 467 813 494 eum
845 453 985 493 moliti
1018 453 1122 499 sint,
1150 452 1266 491 velut
1302 452 1455 490 contra
1485 450 1716 489 stimulum

91 521 385 568 calcitrantes,
417 532 530 571 quae
573 520 684 560 citra
727 520 951 559 horrorem
997 530 1050 557 ne
1095 516 1245 556 referri
1289 515 1469 566 quidem
1515 515 1715 565 possunt.

90 586 316 637 Denique‚.
337 597 392 625 ne
425 585 561 625 Vllum
591 585 644 624 ad
677 585 997 627 incrementum
1027 582 1274 622 dementiae
1304 592 1410 620 suae
1446 581 1590 619 locum
1630 578 1716 618 sibi

91 651 310 702 reliquum
342 651 549 695 facerent,
573 662 673 690 cum
704 662 792 689 non
817 648 943 700 pauci
975 647 1206 698 religionis
1236 658 1371 686 causa
1396 646 1538 685 solum
1571 644 1718 683 natale

91 716 344 756 voluntario
373 716 508 755 exilio
538 715 846 766 permutarint,
878 714 996 765 quod
1027 713 1222 752 dicerent
1261 724 1307 751 se
1349 710 1542 762 quoduis
1572 711 1719 760 potius

92 781 181 832 pati
211 792 355 832 posse,
378 793 510 832 quam
542 780 803 831 papisticain
836 778 1116 830 tyrannidem
1150 778 1248 824 (hac
1274 777 1389 816 enim
1425 774 1670 826 periphrasi
1701 782 1717 800 ²¹

90 846 251 886 summi
282 846 507 897 pontilicis
538 848 794 897 potestatem
827 844 1288 894 circumloquuutur)3
1318 842 1547 880 remanent
1576 839 1719 878 nihilo

89 913 237 951 tamen
280 911 426 951 secius
456 911 502 950 in
534 911 616 950 hac
648 912 752 950 vrbe
782 910 961 949 illorum
1002 909 1230 955 coniuges,
1264 906 1406 949 liberi,
1448 907 1649 956 parentes
1678 906 1719 943 et

89 976 234 1016 amici.
267 975 384 1026 Quin
414 976 532 1027 quod
562 979 604 1015 et
634 976 700 1015 illi
730 986 907 1026 quoque
938 973 1111 1012 interim
1153 972 1406 1011 clanculum
1439 971 1586 1009 vrbem
1618 970 1720 1009 sub-

90 1041 273 1090 intrant,
318 1053 592 1091 suorumque
641 1041 830 1087 animOS‚
877 1038 1023 1090 quoad
1068 1037 1161 1077 fieri
1206 1039 1364 1088 potest,
1411 1048 1433 1074 a
1469 1035 1720 1086 synceriore

90 1106 174 1145 fide
216 1106 470 1145 abalienare
501 1108 724 1157 satagunt.
773 1104 902 1155 Cupit
933 1104 1051 1143 enim
1083 1103 1301 1142 lutulenta
1333 1114 1410 1141 sus
1440 1112 1594 1140 omnes
1625 1100 1718 1139 luto

90 1171 225 1211 infici.
250 1171 368 1210 Inter
396 1171 478 1210 has
508 1171 772 1210 acerbitates
805 1170 969 1220 cogitet
1000 1170 1050 1209 R.
1075 1168 1126 1208 V.
1160 1167 1316 1218 quanti
1348 1166 1513 1217 negoiij
1546 1165 1604 1205 sit
1633 1165 1722 1216 ple-

90 1238 185 1276 bem
231 1237 277 1276 in
307 1237 454 1276 officio
497 1236 714 1276 contineri
750 1247 890 1286 posse.
923 1247 1020 1274 eam
1057 1233 1330 1285 praesertim,
1363 1244 1477 1283 quae
1507 1232 1555 1271 in
1587 1231 1721 1270 medi-

89 1302 219 1342 tullio
249 1301 587 1348 haereticorum,
608 1301 728 1340 velut
759 1300 904 1340 lilium
936 1301 1051 1339 inter
1080 1299 1249 1350 spinas,
1270 1298 1483 1337 collocata
1505 1299 1583 1336 est.
1608 1296 1718 1335 Nam

89 1367 144 1406 ad
174 1379 487 1418 quamcunque
516 1367 709 1406 vicinam
758 1368 923 1417 partem
955 1368 996 1405 te
1031 1365 1202 1411 vomas,
1235 1363 1484 1403 lutheranis
1514 1365 1556 1402 et
1585 1361 1719 1401 calui-

90 1433 239 1472 nianis
271 1434 400 1484 plena
430 1435 532 1472 sunt
565 1433 729 1473 omnia.
755 1432 830 1471 Dei
863 1434 1010 1471 tamen
1043 1431 1219 1470 fauente
1248 1429 1483 1469 clementia
1514 1427 1720 1467 Treueris

87 1501 246 1538 cuncta
278 1499 366 1538 iam
388 1510 542 1538 secura
566 1498 792 1544 videmus;
816 1500 857 1536 et
887 1497 923 1536 si
954 1497 1031 1548 qui
1062 1498 1172 1535 forte
1193 1495 1488 1545 improbiores
1509 1494 1717 1541 existant,

91 1566 134 1603 vt
177 1564 429 1615 frequenter
473 1563 633 1603 accidit
663 1563 708 1602 in
753 1562 1016 1601 cultissimis
1047 1561 1178 1600 etiam
1224 1560 1343 1611 agris
1374 1559 1488 1598 inter
1523 1558 1717 1598 triticum

88 1629 246 1669 lolium
280 1629 430 1676 nasci3
464 1628 529 1668 illi
574 1640 704 1668 suuni
738 1640 820 1679 pus
866 1627 1041 1678 publice
1084 1637 1288 1666 euomere
1334 1637 1420 1664 non
1467 1624 1647 1670 audent,
1679 1624 1721 1662 et

88 1697 243 1734 contra
272 1696 448 1734 nostros
478 1706 533 1733 ne
564 1694 733 1733 hiscere
762 1693 957 1744 quidem,
990 1694 1108 1731 certo
1148 1691 1339 1730 scientes
1370 1702 1451 1729 nos
1481 1702 1506 1728 a
1536 1689 1716 1735 maiore,

87 1759 352 1811 sanioreque
383 1761 506 1810 parte
538 1759 689 1810 populi
721 1771 811 1798 non
842 1758 1019 1809 probari
1051 1757 1195 1803 modo,
1223 1768 1372 1796 verum
1403 1755 1534 1795 etiam
1569 1754 1719 1805 magni

87 1825 196 1865 fieri.
230 1824 413 1864 Interim
444 1827 591 1864 tamen
622 1824 844 1863 intersunt
876 1823 1159 1869 lectionibus,
1194 1822 1415 1861 interdum
1446 1822 1488 1859 et
1521 1820 1720 1870 disputa-

87 1890 300 1930 tionibus·
318 1890 484 1929 nostris
515 1889 766 1929 frendentes
787 1889 1012 1931 dentibus.
1038 1900 1140 1939 prae
1169 1887 1404 1938 angustiae
1434 1885 1620 1937 spiritus
1650 1897 1720 1936 ge-

89 1957 261 1995 mentes
290 1957 319 2003 1,
370 1957 412 1994 et
454 1955 598 1994 oculis
628 1957 799 1994 tantum
846 1967 933 1993 non
980 1956 1156 1993 nostros
1199 1952 1394 1992 asseclas
1436 1951 1716 1997 deuorantes;

87 2021 322 2072 praecipue
366 2023 513 2060 autem
544 2021 815 2060 sacerdotem
861 2020 1083 2071 quendam
1123 2018 1331 2058 Societati
1363 2017 1718 2058 addictissimum

87 2086 349 2137 suggillant,
372 2086 571 2137 dirisque
602 2086 841 2133 deuouent,
866 2086 982 2136 quod
1014 2084 1284 2124 treuerensis
1314 2084 1426 2134 ipse,
1451 2082 1720 2122 treuerensis

87 2151 304 2191 dioecesis
335 2151 533 2202 proditor
563 2151 710 2197 tuerit,
733 2151 941 2202 quodque
963 2162 1009 2189 se
1031 2150 1122 2189 illis
1147 2150 1302 2189 ducem
1334 2147 1618 2199 praestiterit,
1642 2147 1717 2198 qui

87 2215 350 2256 Societatem
390 2219 587 2256 nostram
636 2217 682 2256 in
730 2228 823 2256 eain
876 2215 1253 2261 introduxissent3
1304 2215 1378 2253 sed
1412 2214 1520 2253 haec
1568 2212 1720 2252 omnia

88 2281 209 2321 velut
238 2282 390 2333 fulgur
418 2293 440 2321 e
473 2281 601 2329 vitm,
625 2284 667 2321 et
700 2282 765 2321 vel
788 2293 839 2321 eo
870 2281 1019 2332 plures
1048 2283 1201 2320 contra
1231 2292 1277 2319 se
1308 2281 1496 2327 armant,
1529 2278 1606 2329 qui
1628 2280 1718 2317 tam

89 2338 596 2386 vmbratili'innitantur
625 2347 930 2387 fundamento.

167 2411 228 2451 12.
262 2412 386 2451 Istud
433 2411 574 2462 magis
604 2411 741 2451 dictat
785 2411 992 2463 quisquis
1023 2410 1295 2461 perspexerit
1334 2411 1502 2461 quanta
1532 2410 1720 2448 beneuo-

88 2476 240 2523 tentia,
273 2476 640 2528 humanitateque
685 2477 884 2524 abbates,
926 2476 1130 2531 canonici
1176 2474 1544 2523 metropolitanae
1586 2473 1720 2513 eccle-

87 2541 194 2589 siae,
227 2553 277 2581 ac
316 2544 498 2581 senatus
531 2554 612 2581 nos
642 2544 952 2593 prosequatur,
985 2543 1202 2592 quantum
1248 2541 1378 2579 nobis
1422 2541 1599 2579 faueant
1645 2550 1719 2589 op-

87 2606 183 2645 timi
213 2607 379 2657 quique
421 2607 543 2646 ciues
573 2618 623 2646 ac
656 2609 932 2647 mercatores.
964 2606 1074 2645 Nam
1106 2606 1158 2646 de
1201 2606 1436 2645 ordinibus
1467 2605 1718 2644 mendican-

88 2671 197 2711 tium
240 2674 281 2711 et
326 2672 552 2724 virginum
595 2673 686 2712 Deo
730 2672 1052 2721 dedicatarum,
1085 2672 1193 2724 quid
1237 2672 1395 2711 attinet
1437 2670 1610 2722 aliquid
1647 2669 1719 2709 hic

86 2739 464 2777 commemorare?
508 2737 616 2777 Cum
661 2749 751 2777 non
795 2737 999 2777 obscuris
1029 2738 1306 2788 argumentis
1341 2736 1644 2783 didicerimuS,
1676 2735 1717 2773 et

148 2910 166 2929 a
187 2902 268 2935 Del.
293 2911 437 2944 semper
459 2903 520 2944 (⁹2).

150 3057 160 3075 ¹
182 3055 234 3089 Cf.
259 3055 342 3089 SAP.
367 3055 410 3095 V,
435 3056 466 3088 3.
