2099 3516
371 273 418 305 (56
844 272 1045 308 Ll'rTERAE
1080 272 1423 316 QUAumMas'rREs

324 400 440 439 ceps,
471 389 526 428 ad
556 390 760 429 Boemiae
803 390 939 429 totius
970 389 1201 429 utilitatem
1235 389 1492 439 pertinebat.
1532 388 1640 427 Nam
1670 400 1768 427 cum
1800 388 1937 439 insig-

326 453 396 492 nis
424 454 604 504 quidam
635 457 677 493 et
707 466 781 504 per
812 454 1033 493 Boemiam
1065 453 1448 493 nominatissimus
1493 452 1711 502 picardus,
1748 452 1935 492 aliorum

325 518 602 568 picardorum
632 519 866 569 episcopus
896 521 924 563 ¹,
956 518 1030 569 qui
1076 519 1212 557 multa
1254 518 1480 557 hominum
1529 517 1667 555 millia
1710 517 1938 557 seduxisse

324 582 498 628 dicitur,
532 583 617 621 iam
647 585 821 633 cuperet
866 583 1042 621 liberari
1086 594 1270 625 carcere,
1302 594 1390 632 quo
1433 583 1608 631 propter
1650 581 1867 620 haeresim
1897 584 1940 621 et

324 647 564 686 seditiones
594 647 799 686 tredecim
830 647 915 686 iam
947 647 1077 686 annis
1107 647 1308 685 detentus
1339 648 1417 695 est,
1441 648 1571 696 atque
1601 646 1716 684 hanc
1745 646 1801 683 ob
1830 657 1937 693 rem,

324 711 485 762 scripta
515 712 720 762 quadam.
753 712 828 750 sed
859 712 1106 758 lutherana,
1139 711 1428 757 confessione,
1461 710 1764 760 euangelicam
1802 711 1938 750 eccle-

324 775 435 814 siam
475 789 525 815 ac
566 788 719 826 purum
768 776 843 815 Dei
891 777 1071 815 uerbum
1118 778 1405 825 profiteretur.
1438 775 1620 813 abiectis
1659 775 1937 825 picardorum

323 840 574 887 erroribus;
609 841 835 891 responsio
868 852 942 890 per
970 840 1182 879 Dominos
1214 840 1430 890 praelatos
1459 851 1509 877 ac
1538 841 1713 878 nostros
1743 839 1845 878 talis
1873 842 1939 879 est

323 905 581 955 composita,
613 917 726 954 quae
755 917 851 944 eum
885 905 931 943 in
960 916 1130 944 carcere
1160 905 1353 943 detinere
1394 904 1545 954 possit,
1578 904 1717 943 donec
1758 916 1940 954 syncere

323 970 645 1008 confessionem
666 970 847 1008 omnino
868 969 1127 1008 catholicam
1152 969 1301 1007 aedat:
1330 980 1597 1018 quamquam
1630 968 1763 1007 lateat
1792 968 1936 1019 ipsum

323 1045 404 1073 nos
434 1034 568 1073 huius
597 1034 659 1073 rei
688 1034 896 1073 authores
930 1046 1038 1073 esse.

403 1099 439 1136 7.
472 1097 543 1137 Sic
573 1098 704 1137 etiam
736 1099 922 1137 barones
953 1098 998 1136 in
1029 1098 1160 1137 rebus
1191 1097 1443 1148 praesertim
1479 1097 1686 1147 lucrariis
1729 1100 1939 1147 expetunt

324 1164 473 1201 nostra
506 1162 773 1201 ministeria:
807 1174 907 1201 nam
948 1174 1045 1201 cum
1090 1174 1231 1212 nuper
1268 1162 1476 1201 Summus
1510 1162 1713 1200 Pontifex
1743 1164 1783 1201 et
1813 1162 1938 1202 R.1¹1¹¹>‘

323 1227 495 1277 legatus
524 1227 574 1265 D.
610 1227 774 1265 Hosius
804 1227 954 1265 literas
975 1226 1167 1265 dedisset
1196 1227 1247 1265 ad
1282 1226 1663 1276 prothonotarium
1684 1227 1808 1277 regni
1829 1227 1938 1267 Boe·

324 1291 452 1339 miae,
485 1291 634 1330 statim
665 1291 739 1329 ille
769 1291 908 1329 literis
940 1291 1023 1330 huc
1060 1290 1223 1337 missis,
1256 1291 1588 1330 'conuenientem
1635 1303 1660 1329 a
1702 1292 1832 1331 nobis
1874 1304 1937 1331 re-

323 1355 603 1406 sponsionem
636 1356 853 1394 conscribi
883 1355 1155 1406 efflagitauit.
1189 1354 1309 1404 Quae
1338 1367 1443 1394 sane
1473 1356 1716 1405 responsio,
1747 1368 1847 1395 cum
1877 1357 1938 1396 of-

323 1420 523 1466 ferretur,
547 1420 655 1458 adeo
676 1428 691 1445 ³¹
716 1420 879 1470 placuit
910 1420 1010 1470 ipsi.
1035 1422 1082 1459 ut
1111 1432 1200 1458 non
1232 1421 1360 1459 modo
1381 1420 1494 1459 nihil
1516 1420 1560 1459 in
1582 1432 1631 1459 ea
1653 1421 1935 1469 desideraret,

322 1485 397 1524 sed
427 1487 467 1523 et
499 1485 641 1535 palam
674 1486 906 1523 testaretur
934 1485 1148 1534 aptiorem
1191 1497 1237 1523 se
1281 1485 1611 1535 responsionem
1654 1488 1805 1536 optare
1847 1498 1937 1526 non

322 1561 464 1599 posse.
500 1549 621 1588 Vnde
651 1549 845 1588 uicissim
878 1549 1091 1599 obsequia
1121 1561 1201 1588 sua
1233 1551 1360 1599 (quae
1390 1550 1629 1599 plurimum
1669 1551 1833 1602 ubique
1864 1564 1938 1591 ua—

322 1614 431 1664 lent)
460 1626 619 1663 magna
649 1625 748 1652 cum
778 1614 1017 1663 gratiarum
1050 1614 1220 1652 actione
1251 1614 1379 1653 nobis
1410 1614 1565 1653 intimo
1595 1615 1740 1654 cordis
1777 1616 1935 1656 affectu

324 1678 537 1728 promisit.
572 1678 621 1717 R.
656 1678 703 1718 D.
736 1678 1034 1728 Praepositus,
1067 1680 1107 1717 et
1137 1679 1209 1729 qui
1244 1679 1410 1729 Pragae
1445 1682 1548 1718 sunt
1592 1680 1676 1719 uiri
1722 1681 1933 1732 religiosi,

321 1743 615 1782 conscientiae
645 1754 774 1781 casus
804 1743 855 1781 ad
893 1745 1067 1781 nostros
1110 1755 1269 1794 magna
1312 1744 1561 1783 humilitate
1605 1745 1813 1791 referunt,
1858 1758 1937 1785 nec

322 1807 489 1846 minore
519 1807 726 1857 quicquid
772 1807 875 1845 hinc
918 1807 1220 1857 respondetur,
1255 1808 1537 1847 ueneratione
1571 1809 1833 1860 suscipiunt.
1865 1810 1935 1850 Se-

323 1873 454 1910 natus
485 1871 712 1921 pragensis
744 1871 829 1909 iam
861 1871 989 1910 nobis
1032 1871 1278 1922 impensius
1320 1884 1450 1923 quam
1495 1876 1623 1912 antea
1666 1874 1800 1921 fauet,
1836 1887 1935 1914 cum

321 1935 419 1974 istis
448 1936 604 1974 diebus
624 1935 642 1960 ¹¹
671 1947 831 1986 aquam
877 1948 950 1986 per
992 1937 1189 1975 canalem
1229 1938 1565 1977 subterraneum
1611 1939 1656 1978 in
1699 1940 1934 1990 collegium

321 2002 519 2039 nostrum
552 2001 757 2039 fluentem
788 2001 967 2039 iusserit
1010 2001 1139 2039 nobis
1181 2014 1310 2052 quam
1344 2002 1533 2052 primum
1565 2004 1753 2046 restitui,
1785 2017 1933 2055 quam,

321 2065 468 2103 nescio
511 2065 665 2114 quales
708 2065 923 2114 homines,
968 2077 1079 2116 quas
1121 2066 1177 2104 ob
1220 2078 1376 2106 causas
1419 2068 1741 2108 subtraxerant.
1783 2070 1933 2110 Effecit

320 2129 452 2168 etiam
482 2129 647 2179 primas
675 2129 871 2168 ciuitatis
903 2131 1131 2180 pragensis
1152 2138 1181 2176 ⁰,
1216 2133 1259 2170 ut
1295 2131 1542 2182 impudicae
1585 2134 1798 2184 quaedam
1844 2147 1935 2174 mu-

320 2194 449 2232 lieres
478 2194 608 2232 nobis
640 2194 811 2233 uicinae
840 2197 1100 2245 cogerentur
1129 2196 1173 2234 in
1205 2197 1391 2247 gratiam
1435 2198 1605 2248 collegij
1653 2199 1767 2238 infra
1802 2201 1934 2239 trium

319 2258 695 2298 hebdomadarum
725 2259 923 2309 spacium
953 2259 1137 2299 aedibus
1166 2261 1330 2303 cedere,
1364 2274 1416 2299 ne
1448 2265 1625 2312 possent
1660 2264 1823 2303 nostris
1851 2265 1935 2304 fra—

320 2322 462 2361 tribus
492 2322 831 2361 incommodare.
866 2323 915 2362 Et
954 2336 1050 2362 cum
1096 2324 1231 2363 alium
1277 2325 1474 2365 uicinum
1518 2327 1761 2367 habeamus
1803 2330 1934 2369 rebus

319 2387 484 2425 nostris
514 2399 601 2425 non
631 2387 865 2426 admodum
899 2390 1134 2435 fauentem,
1167 2390 1241 2439 qui
1273 2391 1423 2440 templi
1464 2392 1602 2430 nostri
1646 2393 1934 2432 fundamento

319 2451 528 2489 damnum
572 2451 777 2490 intulisse
819 2452 1091 2495 credebatur,
1124 2454 1335 2503 quaedam
1382 2456 1611 2504 pragensis
1657 2460 1855 2496 matrona
1889 2458 1934 2498 id

318 2515 448 2554 nobis
477 2516 760 2566 significauit,
792 2528 895 2565 quo,
927 2519 975 2555 ut
1003 2519 1165 2556 sactum
1209 2521 1288 2565 est,
1320 2519 1423 2558 huic
1469 2521 1582 2559 malo
1626 2533 1702 2572 per
1744 2522 1933 2562 iudicem

319 2579 636 2629 prouideretur.
672 2580 852 2619 Hussita
883 2581 1078 2631 quidam,
1110 2582 1164 2620 M.
1189 2582 1344 2622 Gallus
1360 2585 1386 2631 ἓ,
1412 2587 1609 2625 nostrum
1640 2586 1934 2627 Directorium

380 2709 397 2727 a
419 2701 541 2733 Prius
566 2702 740 2743 adeoque.
766 2721 804 2723 —
828 2702 846 2728 h
867 2702 997 2734 diebus
1021 2712 1144 2743 supra
1169 2713 1270 2736 vers,
1288 2723 1327 2726 —
1351 2713 1366 2732 e
1386 2708 1579 2747 pragensis
1602 2708 1646 2739 in
1670 2718 1798 2749 mem-9.

380 2814 391 2831 ¹
414 2812 570 2844 Ioannes
606 2813 787 2854 Augusta.
814 2814 863 2845 De
888 2813 947 2845 his
971 2823 1065 2855 quae
1099 2816 1227 2855 postea
1259 2817 1342 2848 acta
1374 2819 1474 2857 sunt,
1499 2819 1637 2851 frustra
1670 2821 1806 2859 tamen,
1831 2822 1874 2853 ut
1899 2822 1933 2853 is

317 2865 536 2897 catholicam
559 2865 666 2897 fidem
688 2866 981 2907 amplecteretur,
1011 2867 1093 2899 vide
1126 2867 1296 2900 Kaossss:
1323 2869 1548 2903 Gesclrielzte
1582 2873 1653 2904 (Ier
1681 2873 1934 2906 balzmischen

316 2916 490 2949 Provinz
513 2918 583 2950 der
608 2918 861 2959 Gesellsclzaft
883 2919 989 2956 Jesu,
1009 2919 1035 2959 Ι,
1060 2920 1207 2953 217-222.
1226 2920 1317 2953 Vide
1340 2923 1451 2954 etiam
1476 2924 1631 2957 inferius
1654 2926 1761 2966 epist.
1779 2935 1934 2968 pragen-

317 2979 392 3002 sem
415 2970 474 3002 die
496 2971 536 3002 25
558 2971 719 3012 Augusti
743 2972 878 3003 datam.
1347 2978 1354 2986 ·

377 3025 390 3042 2
412 3023 538 3055 Gallus
561 3024 743 3056 Gelastus.
768 3025 860 3057 Vide
882 3025 975 3057 Lm.
1006 3025 1223 3064 Quadrim,
1248 3027 1307 3067 VI,
1331 3028 1403 3068 303,
1428 3030 1464 3061 et
1491 3030 1649 3071 KROEss,
1674 3032 1697 3064 l.
1722 3041 1753 3064 c.
1777 3033 1849 3065 204.
