2099 3516
405 229 473 264 488
873 230 1075 266 LITTERAE
1109 229 1452 274 QUADRIMESTRES

358 347 568 398 priuetur.
612 346 720 387 Cum
763 347 867 387 huic
910 360 1011 387 vero
1054 346 1303 397 spectaculo
1333 345 1537 384 adessent
1566 346 1772 385 nonnulli
1802 358 1971 393 eorum,

357 424 468 463 quos
514 412 763 451 testamenti
807 412 875 451 sui
920 411 1095 462 reliquit
1139 412 1391 449 executores
1435 409 1534 449 foel.
1576 422 1705 450 mem.
1738 411 1974 461 episcopus

356 476 735 521 claramontensis,
769 477 837 515 uel
869 476 1027 526 pietate
1059 475 1178 517 moti,
1213 474 1281 513 uel
1311 474 1577 513 uerecundia
1613 485 1718 513 suae
1748 474 1970 525 ignauiae,

358 540 513 591 ijsdem
544 539 657 580 R.¹¹¹iS
686 539 834 581 cambus
864 541 1059 580 eiusdem
1090 538 1333 578 sententiae
1375 538 1744 588 supplicationem
1789 539 1969 584 dedere;

356 618 468 656 quos
496 607 647 645 eadem
676 606 951 646 humanitate
981 605 1111 655 ijdem
1163 604 1314 641 Patres
1343 604 1620 653 exceperunt,
1653 605 1695 641 et
1724 603 1778 642 ad
1809 615 1973 642 munus

356 682 485 709 suum
516 671 769 710 obeundum
799 672 903 710 sunt
932 669 1108 708 hortati.
1144 666 1360 706 Postridie
1389 666 1485 705 eius
1515 667 1617 718 diej,
1649 669 1871 706 conuentu
1894 668 1973 706 Pa-

356 736 471 773 trum
503 735 631 782 facto,
663 735 854 785 insignis
883 734 957 773 ille
987 735 1028 772 et
1056 731 1333 772 admirabilis
1363 731 1530 782 ingenij
1564 732 1629 770 vir
1659 731 1743 770 ill.S
1778 731 1908 772 car.¹i⁵¹
1947 744 1971 771 a

357 800 659 851 Lothoringia,
691 800 939 850 suscipiens
968 799 1014 837 in
1044 810 1089 837 se
1122 797 1292 847 patroni
1324 796 1463 835 nostri
1492 808 1687 843 causam,
1727 797 1973 836 orationem

357 865 402 903 in
432 865 625 916 sodalitij
657 865 797 904 nostri
827 864 1012 915 gratiam
1043 862 1159 913 apud
1188 862 1339 900 Patres
1359 861 1531 905 habuit„
1555 861 1788 912 illudquea
1809 862 1974 912 quibus

357 929 500 980 potuit
529 930 685 977 modis,
717 929 925 969 laudibus
955 927 1162 967 omnibus
1183 925 1429 972 exornauit,
1452 925 1635 976 eiusque
1656 926 1973 965 admissionem

357 993 403 1032 in
432 994 515 1033 hoc
544 1005 678 1045 regno
708 993 878 1045 petiuit.
911 993 1041 1032 Hunc
1069 992 1332 1030 subsecutus
1362 992 1427 1029 est
1455 990 1667 1040 antiquus
1696 990 1771 1029 ille
1800 990 1972 1030 dierum

356 1056 517 1097 card.lis
547 1058 847 1105 turnonensis,
880 1057 955 1108 qui
985 1058 1200 1108 quantum
1231 1055 1400 1094 fructus
1429 1054 1598 1094 adferat
1641 1055 1749 1094 haec
1778 1054 1974 1094 Societas

356 1134 445 1162 non
475 1123 619 1162 solum
649 1122 695 1161 in
724 1122 872 1173 regnis
901 1120 1260 1166 christianorum,
1310 1130 1464 1158 uerum
1512 1119 1644 1158 etiam
1674 1119 1791 1170 apud
1823 1119 1971 1167 Indos,

356 1186 531 1237 publice
578 1187 746 1226 retexit.
792 1186 885 1225 Hoc
929 1197 1078 1232 vnum,
1123 1183 1284 1235 inquit,
1316 1183 1430 1222 inter
1459 1185 1629 1223 caetera
1659 1195 1740 1223 uos
1768 1183 1974 1235 ignorare

356 1251 474 1299 nolo,
507 1262 661 1302 nempe
687 1263 754 1291 me
774 1251 919 1302 ipsum
943 1251 1013 1300 (ob
1034 1260 1180 1289 eorum
1202 1249 1317 1287 vitae
1338 1248 1597 1299 probitatem
1621 1247 1974 1299 sanctioremque

355 1312 616 1367 doctrinam)
665 1315 899 1365 collegium
946 1314 1057 1354 illud
1106 1325 1265 1360 meum,
1314 1312 1432 1363 quod
1462 1313 1580 1363 apud
1609 1324 1730 1352 meos
1757 1324 1847 1352 non
1877 1312 1974 1352 sine

356 1380 530 1431 magnis
559 1380 810 1432 sumptibus
839 1379 1187 1425 aedificaueram,
1219 1389 1318 1416 cum
1340 1376 1357 1402 ¹³
1388 1376 1596 1416 vniuerso
1625 1379 1844 1427 prouentu
1873 1389 1971 1425 suo,

356 1445 459 1484 huic
502 1444 709 1484 sodalitio
737 1435 961 1495 ‘perpetuo
1006 1454 1184 1482 munere
1214 1441 1499 1481 concessisse.
1537 1441 1644 1481 Tres
1672 1440 1748 1493 alij
1773 1441 1970 1489 'cardsteffi

356 1505 668 1559 D'Armagn'ac
698 1510 710 1532 1
741 1507 922 1554 scilicet,
968 1506 1211 1547 Guisianus
1241 1507 1255 1530 ²
1298 1508 1340 1545 et
1383 1505 1458 1545 ille
1505 1505 1581 1557 qui
1625 1505 1678 1545 de
1716 1505 1973 1545 Borbonum

355 1576 422 1614 est
450 1573 619 1613 familia
648 1574 677 1620 ³,
709 1573 755 1612 in
784 1573 943 1612 horum
973 1571 1236 1611 sententiam
1267 1571 1401 1610 iuere.
1434 1570 1496 1609 Ex
1524 1570 1744 1622 episcopis
1792 1570 1973 1622 plurimi

355 1638 552 1678 eiusdem
582 1638 702 1678 fuere
730 1634 987 1677 sententiae.
1020 1636 1215 1675 Aderant
1244 1635 1450 1675 nonnulli
1485 1635 1666 1675 ‘scribae
1700 1637 1742 1675 et
1771 1635 1971 1686 praelati,

356 1703 432 1753 qui
462 1702 550 1742 alio
579 1702 732 1742 oculos
760 1702 1089 1741 conuertebant.
1121 1700 1326 1739 Nondum
1365 1699 1454 1739 lata
1482 1702 1548 1740 est
1590 1700 1824 1740 sententia.
1856 1699 1974 1750 Qua-

357 1766 531 1818 propter
560 1767 681 1807 R.1¹s¹US
711 1765 747 1806 a>
764 1763 1068 1816 Lothoringia,
1091 1767 1132 1804 et
1152 1759 1462 1804 sanctissimus
1482 1764 1558 1804 ille
1579 1774 1712 1804 senex
1734 1766 1990 1804 turnonen-'

355 1831 433 1879 sis,
464 1831 581 1871 bono
610 1828 870 1870 animo‘nos
908 1842 1003 1869 esse
1029 1831 1208 1881 jubent;
1242 1830 1439 1869 futurum
1471 1829 1712 1880 (inquiunt)
1744 1825 1975 1880 speramus

355 1895 435 1936 vos
463 1896 640 1936 tandem
670 1895 980 1943 admittendos,
1014 1895 1166 1942 uelint,
1216 1894 1361 1934 nolint
1393 1896 1435 1934 et
1463 1894 1633 1934 scribae
1661 1896 1704 1934 et
1732 1894 1971 1946 pbarisaej,

355 1963 397 2000 et
425 1961 500 2012 qui
532 1972 622 2000 non
651 1958 756 2000 sunt
784 1957 975 2011 purioris
1005 1959 1173 1998 farinae
1202 1962 1230 1999 4.
1468 1955 1470 1957 ’
1898 1964 1901 1967 ’
1962 1956 1966 1961 ’

433 2026 471 2066 4.
503 2025 632 2064 Pater
659 2024 847 2064 Pontius
875 2025 889 2047 ⁵
919 2025 952 2063 a'
973 2024 1107 2063 latere
1132 2023 1317 2063 istorum
1338 2023 1631 2063 cardinalium
1652 2025 1694 2063 et
1715 2023 1972 2074 pontificum

355 2102 445 2129 non
474 2089 674 2137 discedit,
705 2091 939 2140 expectans
969 2088 1133 2139 negotij
1173 2088 1319 2135 finem,
1351 2099 1489 2138 eoque
1518 2088 1567 2127 fit
1594 2078 1858 2136 animosior,
1884 2100 1974 2140 quo

354 2154 505 2205 plures
533 2153 618 2193 sibi
639 2152 913 2204 obiJ'ciuntur
932 2152 1190 2203 aduersarij.
1215 2152 1363 2192 Vtitur
1382 2154 1591 2203 perpetuo
1612 2152 1799 2192 consilio
1820 2147 1985 2192 eo'rum'

355 2217 521 2259 car.lium
562 2229 673 2269 quos
703 2217 835 2268 paulo
865 2219 965 2256 ante
994 2212 1350 2265 commemoraui,
1384 2216 1499 2256 Rm'i.
1531 2216 1724 2268 episcopi
1763 2217 1816 2256 de
1845 2213 1998 2256 Mira?

355 2294 464 2334 poys
493 2284 522 2331 ⁶,
554 2284 596 2322 et
624 2281 816 2322 doctoris
845 2280 1064 2332 Vincentij
1096 2281 1270 2332 Laurej,
1302 2281 1378 2331 qui
1426 2293 1579 2320 omnes
1618 2281 1843 2332 negotium
1889 2278 1973 2320 hoc

354 2350 556 2387 nostrum
586 2358 714 2387 suum
745 2358 841 2386 esse
870 2348 1089 2396 reputant,
1120 2357 1303 2397 eamque
1337 2346 1393 2385 ob
1421 2358 1511 2385 rem
1541 2345 1666 2397 digni
1687 2344 1973 2385 existimandi

355 2414 459 2452 sunt
488 2412 563 2463 qui
593 2411 792 2451 omnium
821 2411 1002 2450 Patrum
1028 2411 1069 2449 et
1090 2409 1273 2450 fratrum
1294 2410 1572 2450 orationibus
1592 2410 1969 2450 commendentur.

413 2566 431 2585 a
454 2557 579 2590 Prius
601 2566 765 2598 eamque.
790 2575 830 2579 ——
853 2556 871 2583 b
892 2556 973 2589 Del.
998 2556 1180 2588 reditibus
1204 2557 1294 2589 suis.

418 2686 426 2702 ¹
450 2683 628 2724 Georgius
651 2681 907 2723 d'Armagnac.

416 2738 428 2755 2
451 2736 658 2768 Ludovicus
681 2735 725 2767 de
748 2734 873 2767 Guisa.

416 2791 428 2808 ³
451 2788 603 2821 Carolus
626 2787 846 2820 Borbonius.

416 2843 427 2861 ⁴
450 2841 592 2881 Quibus
625 2840 902 2873 conditionibus
936 2840 1099 2872 admissa
1132 2840 1181 2872 sit
1215 2840 1379 2873 Societas
1403 2841 1487 2873 vide
1521 2841 1573 2873 sis
1610 2841 1708 2882 apud
1732 2840 1971 2881 FOUQUERAY,

354 2895 376 2927 l.
402 2904 431 2927 c.
456 2894 483 2933 I,
507 2894 568 2926 ⁶253
590 2903 669 2935 sqq.

416 2950 428 2966 ⁵
450 2947 486 2979 P.
512 2947 667 2979 Pontius
691 2946 892 2987 Cogordan.

416 3002 427 3019 ⁶
450 3000 580 3032 Petrus
603 3000 647 3031 de
669 2998 816 3031 Villars.
