2099 3516
383 263 451 297 714
852 259 1054 296 LITTERAE
1084 259 1428 303 QUADRIMESTRES

338 381 434 420 uiro
463 381 623 431 ageret,
654 377 931 418 confessione
962 376 1216 427 praemissa,
1248 376 1425 416 ueniam
1454 376 1581 416 uxori
1611 376 1879 427 impetrauit,
1901 388 1951 416 ea

337 447 482 484 tamen
513 445 621 494 lege,
656 445 701 482 ut
731 442 983 481 institutum
1017 441 1278 480 monialium
1308 442 1566 491 capesseret,
1598 441 1669 480 cui
1705 440 1782 480 illa
1810 440 1952 481 liben-

336 513 400 549 ter
430 509 589 560 paruit,
622 509 725 547 dum
758 507 870 546 uidit
898 518 944 546 se
976 508 1157 546 mortem
1188 518 1288 545 cum
1318 506 1411 545 uita
1440 508 1724 547 commutare.

418 575 478 613 11.
505 574 631 612 Pater
651 572 831 623 quidam
853 583 905 610 ex
926 571 1090 610 nostris
1110 570 1280 619 diuino,
1302 573 1351 610 ut
1372 573 1492 621 puto,
1515 571 1717 618 consilio,
1748 571 1955 622 quemad-

338 639 515 678 modum
562 638 623 677 rei
674 636 877 688 probauit
922 637 1123 683 euentus,
1173 635 1219 674 in
1257 635 1519 686 oppidulum
1569 635 1790 686 quoddam
1850 635 1954 675 huic

336 703 543 753 adjacens
572 702 627 741 ad
656 701 860 740 diuinum
896 700 1080 739 uerbum
1109 708 1127 726 ἃ
1158 699 1540 739 disseminandum
1570 700 1588 725 b
1622 700 1843 750 profectus
1871 702 1952 747 est,

338 767 412 806 ubi
442 766 652 806 concione
683 767 870 816 peracta,
902 764 1157 803 admonitus
1186 766 1252 803 est
1285 764 1519 815 quemdam
1554 763 1779 803 hominem
1809 764 1854 803 in
1884 776 1955 804 ex—

338 831 487 870 tremis
517 832 718 882 agentem
748 830 793 868 in
823 841 915 869 eam
949 829 1169 868 insaniam
1201 836 1216 855 0
1249 840 1345 868 esse
1386 829 1626 876 redactum,
1660 830 1708 868 ut
1736 828 1792 867 ad
1820 828 1953 868 confi-

335 896 515 935 tendum
564 895 744 934 minime
791 906 869 933 nec
899 894 1130 944 praecibus
1160 905 1239 933 nec
1270 893 1403 932 minis
1437 893 1595 932 adduci
1628 895 1787 944 posset.
1822 893 1951 932 Pater

338 972 457 1008 uero,
489 960 642 999 diuina
690 971 771 1010 ope
819 959 1068 1009 implorata,
1101 960 1149 998 ut
1182 959 1236 997 ad
1284 958 1412 997 illum
1441 958 1625 997 accessit
1644 957 1678 1005 d,
1709 958 1955 998 lenioribus

337 1025 486 1065 uerbis
515 1037 561 1064 se
591 1024 862 1070 insinuabat,
895 1026 943 1062 ut
972 1024 1027 1062 ab
1057 1034 1107 1062 eo
1129 1023 1355 1074 proposito
1385 1023 1511 1062 illum
1532 1025 1757 1069 euocaret;
1781 1023 1855 1062 sed
1879 1023 1954 1062 ubi

338 1091 405 1129 leo
435 1090 509 1129 ille
541 1089 722 1128 rabidus
752 1088 797 1127 in
842 1088 1047 1139 praedam
1091 1099 1263 1139 ungues
1293 1087 1530 1138 impressit,
1562 1099 1715 1138 parum
1760 1087 1955 1127 humana

338 1155 455 1194 ualet
484 1153 726 1200 industria;
762 1153 961 1204 pertinax
991 1155 1084 1192 erat
1113 1153 1257 1192 adhuc
1299 1152 1491 1199 animus,
1524 1163 1603 1191 nec
1631 1152 1791 1191 abduci
1821 1152 1876 1191 ab
1905 1163 1955 1191 ea

338 1219 555 1258 sententia
603 1220 794 1269 poterat3
846 1217 953 1257 uicit
1001 1218 1177 1257 tandem
1212 1216 1368 1257 diuina
1397 1217 1542 1256 uirtus
1570 1229 1683 1268 quae
1711 1228 1879 1256 nouum
1909 1216 1956 1255 in

339 1283 642 1334 persuadendo
672 1283 893 1333 spiritum,
917 1294 966 1322 ac
998 1282 1087 1322 uim
1120 1282 1237 1321 Patri
1268 1282 1353 1332 ipsi
1392 1293 1667 1321 communem
1700 1281 1815 1321 fecit.
1848 1280 1956 1321 Con-

338 1349 481 1388 fessus
510 1356 525 1374 0
547 1350 612 1388 est
640 1347 868 1387 lachrimis
906 1347 1212 1398 copiosissime
1242 1347 1370 1394 fusis,
1402 1358 1562 1386 manus
1604 1346 1656 1385 ad
1702 1346 1847 1385 sidera
1876 1345 1956 1385 tol-

338 1414 448 1461 lens,
480 1413 526 1452 in
558 1414 782 1464 planctum
812 1414 855 1452 et
883 1412 1062 1451 diuinas
1092 1412 1246 1451 laudes
1287 1412 1567 1459 soluebatur;
1617 1411 1790 1450 dicebat
1821 1410 1956 1450 confi-

338 1477 457 1517 denti
488 1478 636 1516 animo
666 1489 829 1516 nouam
859 1476 945 1515 sibi
975 1477 1204 1515 subortam
1233 1488 1329 1515 esse
1371 1488 1493 1526 spem
1536 1475 1695 1515 salutis
1737 1477 1953 1514 aeternae.

340 1542 513 1594 [Preces
539 1544 739 1593 postulat
768 1544 807 1581 ct
837 1541 1075 1592 valedicit]

444 1643 568 1682 Valis
597 1642 700 1681 oleti
731 1642 944 1693 postridie
975 1653 1114 1681 nonas
1140 1642 1316 1693 januar.
1349 1641 1455 1681 anni
1488 1642 1602 1681 156a.

445 1706 506 1745 Ex
535 1705 846 1745 commissione
878 1706 923 1745 P.
957 1705 1168 1745 Rectoris.

446 1772 536 1811 ΗΡΘ
572 1770 653 1810 P.¹'S
679 1771 727 1811 T.
762 1771 973 1810 minimus
1002 1770 1046 1809 in
1078 1770 1207 1810 Chro.
1242 1771 1375 1811 filius

1645 1872 1675 1922 ΔΓ
1703 1870 1845 1911 ORIUE
1875 1873 1903 1912 1.

445 2035 702 2083 Inscriptio,
733 2033 761 2082 †
794 2032 880 2071 llis.
914 2032 998 2070 Pro
1028 2031 1225 2082 Neapoli.

444 2099 549 2137 Alia
579 2110 732 2136 manu.
768 2097 868 2135 1562
902 2096 1152 2136 Valladolid
1191 2096 1295 2135 delli
1325 2097 1350 2135 4
1381 2096 1474 2147 [sic]
1505 2095 1549 2135 di
1579 2095 1793 2136 Gennaio.
1825 2097 1880 2135 Et
1910 2098 1957 2135 in

342 2163 431 2202 alio
462 2163 643 2213 angulo.
677 2160 726 2211 Q.
759 2160 933 2212 Va'glid.
965 2161 1030 2200 622.
1062 2161 1088 2199 4
1115 2160 1245 2200 Janu.

400 2413 418 2431 a
439 2405 628 2445 Sequitur
649 2406 753 2437 verb.
772 2405 930 2437 omnino
967 2405 1071 2436 oblit.
1096 2423 1135 2426 —-
1158 2404 1176 2430 b
1197 2404 1495 2436 desiminandum
1518 2403 1564 2436 A.
1588 2423 1628 2427 —-
1651 2413 1666 2431 c
1686 2403 1872 2436 insaniam
1895 2412 1959 2435 su-

338 2467 415 2499 pra
430 2466 544 2494 vers„
563 2458 683 2490 deleto
699 2459 934 2490 sententiam.
953 2477 992 2480 —
1015 2457 1032 2484 d
1054 2457 1190 2489 accesit
1213 2457 1258 2489 A.
1277 2476 1315 2479 —
1339 2466 1354 2484 e
1375 2457 1546 2489 confesus
1559 2457 1604 2489 A.

403 2673 412 2690 ¹
435 2671 527 2704 Vide
550 2671 644 2704 Litt.
673 2672 878 2712 Quadrim.
904 2671 946 2711 V,
963 2672 1036 2704 887.
