2099 3516
480 257 561 294 563.
588 277 630 284 -
657 258 932 295 INooLsrAmo
960 258 977 294 1
1006 257 1262 294 Smprmssms
1289 257 1377 293 1561
1628 257 1698 294 465
1754 305 1758 308 θ

117 376 359 428 praebuere
389 375 694 416 attentionem.
727 376 851 417 R.diS³
890 375 1126 427 episcopus
1155 375 1440 427 eystattensis
1460 377 1489 422 1,
1521 375 1652 416 nobis
1682 375 1745 415 vi-

115 440 261 489 cinus,
291 442 336 481 et
364 441 500 481 huius
529 441 806 483 accademiae
837 441 1147 488 cancellarius,
1179 452 1205 480 a
1234 440 1402 481 nostris
1440 440 1747 491 superioribus

117 517 260 557 nuper
286 506 529 554 contendit,
562 508 608 547 vt
636 507 873 559 collegium
915 507 999 547 1100
1041 506 1284 557 susciperet
1324 517 1476 546 curam
1515 506 1663 546 alendi
1706 507 1748 546 et

117 570 382 611 instituendi
414 571 463 611 12
486 571 679 622 ι10001105
722 572 963 620 studiosos,
1005 583 1119 622 quos
1150 571 1196 612 in
1226 571 1376 611 studio
1414 571 1536 611 fouet
1573 571 1748 611 futuros

116 636 403 677 ecclesiarum
432 648 617 677 suarum
647 637 877 677 ministros
906 648 985 677 500
1014 639 1228 688 pastores.
1270 636 1458 676 Multum
1487 636 1606 676 enim
1636 636 1745 687 ipse,

119 702 165 740 vt
193 702 235 740 et
263 700 339 752 alij
371 701 461 741 fere
490 701 754 756 Germaniae
774 701 975 754 praelati,
998 701 1156 743 tribuit
1176 703 1430 749 nostrorum
1451 703 1494 741 et
1522 701 1749 741 doctrinae

117 767 161 806 et
189 765 291 805 fidei
312 766 359 805 in
379 765 621 807 erudienda
643 769 686 807 et
705 767 945 807 excolenda
969 766 1232 818 juuentute;
1265 767 1304 806 is
1333 766 1471 818 igitur
1499 779 1588 819 quo
1617 778 1749 806 suum

118 842 222 882 erga
251 842 334 871 1105
363 843 556 871 amorem
591 834 839 880 testaretur,
871 831 1098 883 praecioso
1117 833 1161 872 et
1181 834 1452 883 peruenusto
1474 831 1646 871 missali
1667 842 1750 870 nos

119 895 320 943 donauit,
351 898 393 936 et
422 896 511 936 alia
541 897 752 949 pleraque
781 896 1118 937 beneuolentiae
1147 896 1276 948 signa
1307 896 1565 936 declarauit.

199 961 237 1000 5.
270 960 457 1001 Scholae
486 963 669 1010 veteres,
701 962 747 1001 in
777 961 941 1013 quibus
976 961 1192 1002 hactenus
1221 961 1363 1001 nostri
1392 961 1518 1012 pueri
1548 961 1752 1001 solebant

119 1025 312 1073 institui,
343 1027 625 1066 commodum
657 1027 867 1078 praebent
895 1027 1026 1066 nobis
1057 1026 1353 1075 refectorium,
1384 1026 1456 1066 cui
1486 1026 1656 1066 adiecta
1685 1029 1751 1066 est

119 1102 238 1130 noua
259 1091 425 1139 culina,
448 1104 473 1131 a
494 1092 797 1132 fundamentis
826 1104 968 1143 nuper
995 1094 1210 1139 extructa,
1242 1103 1342 1132 cum
1373 1091 1606 1131 nonnullis
1635 1091 1752 1131 aedi·

120 1155 234 1208 ficiJ's
263 1156 530 1197 habitationi
570 1160 748 1197 nostrae
782 1157 972 1197 multum
1003 1157 1324 1205 accommodis;
1357 1168 1501 1196 nouae
1530 1157 1752 1208 siquidem

114 1221 247 1272 Jussu
278 1221 573 1262 illustrissimi
613 1221 828 1274 principis
866 1221 1007 1262 nostri
1036 1223 1051 1246 ²
1080 1221 1170 1262 iam
1200 1224 1306 1262 sunt
1333 1233 1455 1262 nunc
1489 1222 1542 1261 ad
1575 1221 1753 1261 vmbili-

121 1298 221 1326 cum
244 1287 494 1338 perductae,
518 1288 633 1327 vnde
654 1288 819 1328 factum
840 1291 921 1336 est,
944 1290 990 1327 vt
1010 1287 1248 1339 collegium
1278 1288 1361 1328 hoc
1391 1289 1591 1328 nostrum
1622 1287 1754 1339 longe

120 1352 255 1392 aliam
286 1364 407 1392 nunc
435 1353 597 1392 habeat
627 1352 783 1393 faciem
813 1355 946 1405 atque
975 1353 1116 1404 prius,
1138 1355 1180 1393 et
1201 1353 1392 1393 maiores
1422 1353 1488 1393 illi
1519 1353 1610 1393 sint
1638 1364 1754 1394 com-

122 1417 374 1465 moditates,
405 1429 517 1469 quas
546 1417 619 1457 hic
648 1420 840 1458 attexere
869 1430 958 1458 non
989 1420 1056 1458 est
1084 1430 1215 1469 opere
1245 1418 1483 1469 praecium.

200 1483 240 1523 6.
274 1483 503 1523 Postremo
523 1483 636 1523 illud
659 1495 796 1523 vnum
817 1483 994 1531 addam,
1017 1495 1136 1523 anno
1165 1483 1400 1534 superiori,
1423 1483 1557 1535 quod,
1581 1485 1756 1522 mortuo

121 1548 316 1598 quodam
348 1548 517 1587 medico
547 1548 739 1595 doctore,
768 1548 927 1600 ingens
947 1548 1172 1588 contentio
1203 1548 1368 1588 nostris
1397 1547 1619 1599 theologis
1648 1547 1756 1587 exti-

121 1613 176 1652 tit
195 1625 294 1653 cum
316 1613 565 1661 nonnullis,
588 1613 754 1665 quibus
775 1625 844 1653 res
864 1614 1099 1653 commisse
1119 1615 1224 1653 sunt
1254 1613 1576 1660 Vniuersitatis,
1609 1614 1756 1652 Vtrum

120 1677 170 1717 in
199 1678 296 1717 loco
328 1689 468 1727 sacro,
500 1690 559 1717 an
590 1678 836 1729 prophano,
873 1679 1051 1718 deberet
1092 1678 1283 1718 cadauer
1325 1677 1518 1728 sepeliri.
1565 1676 1755 1717 Causam

122 1754 226 1782 vero
247 1743 321 1782 isti
343 1743 675 1783 controuersiae
696 1743 873 1794 prebuit
898 1744 1180 1795 potissimum
1211 1745 1432 1794 suscepta,
1466 1743 1601 1794 paulo
1631 1742 1757 1793 prius

122 1819 256 1859 quam
287 1808 429 1848 obiret
460 1810 613 1856 morte,
645 1809 729 1848 sub
762 1810 946 1860 Vtraque
976 1808 1120 1859 specie
1150 1820 1275 1848 sacra
1303 1807 1574 1854 communio,
1605 1819 1756 1859 quam-

124 1873 195 1913 uis
224 1873 440 1924 alioquim
470 1876 682 1913 constans
711 1874 829 1913 fama
858 1876 975 1914 esset
1003 1873 1228 1914 hominem
1251 1873 1389 1913 fuisse
1419 1886 1443 1912 3
1473 1873 1558 1912 fide
1587 1875 1629 1912 et
1659 1872 1758 1911 reli—

123 1938 256 1990 gione
285 1938 504 1978 catholica
525 1939 737 1988 alienum,
760 1939 837 1978 sed
860 1939 1013 1979 multis
1042 1939 1465 1985 contradicentibus,
1498 1941 1591 1978 tum
1622 1938 1759 1977 iacuit

123 2005 379 2043 nostrorum
408 2004 717 2055 theologorum
748 2004 991 2052 sententia,
1024 2005 1108 2044 hoc
1137 2006 1285 2044 tamen
1322 2004 1528 2043 videntur
1558 2003 1624 2042 illi
1655 2003 1759 2043 effe-

123 2069 252 2117 cisse,
286 2071 331 2108 vt
360 2069 448 2108 iam
479 2081 569 2108 non
598 2070 793 2120 amplius
832 2069 878 2109 in
917 2070 1000 2109 1130
1043 2070 1224 2109 01011310
1268 2070 1412 2109 locun]
1459 2069 1620 2108 habeat
1663 2080 1759 2108 mos

125 2135 262 2174 humo
304 2135 556 2185 promiscue
602 2135 821 2175 condendi
852 2135 898 2174 in
942 2138 1059 2175 terra
1101 2147 1226 2175 sacra
1254 2135 1577 2175 haereticorum
1616 2137 1657 2174 et
1691 2146 1760 2173 ca-

126 2200 394 2239 tholicorum
424 2211 623 2250 corpora.
656 2200 766 2239 Nam
796 2212 897 2240 cum
928 2213 1069 2252 nuper
1098 2200 1219 2240 filius
1249 2200 1463 2248 consulis,
1489 2199 1572 2239 viri
1596 2199 1760 2250 oppido

124 2264 349 2312 catholici,
382 2265 632 2304 haereticus
671 2265 1067 2316 pertinacissimus,
1102 2266 1236 2305 vitam
1267 2277 1367 2305 0001
1399 2267 1536 2304 morte
1566 2276 1761 2304 commu-

126 2332 277 2380 tasset,
309 2330 482 2370 cunctis
512 2330 766 2381 pastoribus
796 2331 881 2382 ipsi
912 2331 1186 2381 sepulturam
1226 2330 1511 2381 negantibus,
1543 2330 1662 2380 apud
1696 2329 1761 2368 lu-

126 2395 337 2435 theranos
366 2395 413 2434 in
443 2395 699 2435 Palatinatu
727 2398 851 2447 pater
876 2408 967 2435 non
988 2396 1085 2436 sine
1115 2396 1267 2436 dolore
1296 2397 1338 2435 01
1367 2395 1598 2435 lachrimis
1618 2394 1761 2434 filium

127 2460 264 2500 humo
307 2460 478 2500 tradere
521 2462 586 2500 est
629 2463 820 2502 coactus.
862 2461 981 2501 Idem
1024 2473 1201 2513 quoque
1246 2460 1460 2512 proximis
1490 2460 1561 2499 his
1604 2460 1762 2499 diebus

126 2525 314 2577 contigit
356 2525 631 2576 exemplum;
663 2537 763 2566 cum
806 2526 926 2566 enim
969 2526 1126 2566 baroni
1170 2526 1362 2573 cuidam,
1403 2528 1556 2565 contra
1595 2535 1762 2564 morem

127 2590 338 2630 ecclesiae
372 2591 456 2630 sub
486 2592 672 2641 Vtraque
701 2591 846 2642 specie
875 2591 1202 2631 communicato
1232 2603 1281 2630 30
1312 2593 1501 2637 mortuo,
1534 2589 1764 2641 sepultura

128 2655 177 2695 in
200 2655 468 2706 coemiteriis
496 2656 553 2695 311
582 2656 738 2696 3011015
767 2658 1015 2708 opportune
1045 2656 1297 2708 importune
1318 2656 1482 2696 frustra
1503 2655 1640 2706 petita
1656 2654 1764 2694 fuis-

127 2721 210 2768 set,
243 2720 421 2760 tandem
465 2723 700 2772 postquam
744 2721 833 2762 fere
862 2723 960 2762 octo
988 2721 1148 2761 diebus
1178 2721 1224 2761 in
1267 2733 1374 2773 agro
1403 2720 1483 2761 Dei
1514 2721 1661 2771 (quem
1692 2731 1767 2759 vo-

128 2785 247 2837 cant)
271 2787 284 2810 ³
315 2786 568 2838 insepultus
611 2786 836 2835 iacuisset,
867 2787 914 2826 in
943 2799 1100 2838 campo
1128 2789 1171 2826 et
1217 2799 1324 2838 agro
1354 2786 1600 2838 prophano,
1641 2785 1766 2825 iuxta

196 2933 207 2953 ¹
229 2932 414 2966 Martinus
437 2943 459 2965 3
480 2932 738 2975 Schaumberg
760 2933 981 2975 (1560-1590).

194 2987 206 3006 ²
229 2985 404 3019 Albertus
426 2986 470 3027 V,
495 2987 675 3020 Bavariae
698 2988 785 3020 dux.

194 3041 207 3060 ³
229 3039 449 3073 Germanice
475 3054 490 3070 ‹<
514 3040 756 3074 Gottesacker
777 3054 807 3081 »,
833 3042 1104 3075 coemeterium.

204 3127 365 3156 Ll'r'rnm
388 3128 664 3163 QUAannsmns.
684 3146 718 3150 —
737 3130 818 3158 Tou.
840 3130 908 3159 VII.
1663 3128 1698 3155 30
