2099 3516
492 248 572 284 514.
600 270 645 273 —
671 247 1036 284 ΜοΝΤΕΡοιῐΤῐΑΝο
1064 246 1081 281 1
1111 246 1210 282 ΜΑΙῙ
1240 246 1327 281 1561
1612 246 1683 282 0269

99 367 331 419 percioche
360 367 517 406 adesso
561 365 914 406 incontrandone
956 376 1033 416 per
1062 364 1105 403 la
1133 364 1298 411 strada,
1330 364 1730 405 amicheuolmente

98 433 141 472 et
161 431 530 471 riuerentemente
550 431 588 471 ci
619 431 827 470 salutano
856 431 899 469 et
927 441 1010 469 con
1031 429 1106 468 noi
1128 429 1166 468 si
1188 440 1563 479 accompagnano,
1588 428 1619 467 il
1649 428 1730 467 che

98 508 189 536 non
231 497 446 536 faceuano
489 496 646 546 prima.
679 495 867 546 Pregato
897 494 963 534 sia
1007 494 1039 533 il
1082 493 1163 533 ΞΡ
1194 493 1263 533 ch'
1284 493 1315 532 il
1345 495 1460 532 tutto
1490 492 1644 532 resulti
1683 491 1729 531 in

98 561 235 600 molto
265 561 432 600 honere
462 563 503 600 et
546 560 689 612 gloria
718 559 763 599 di
807 571 890 599 sua
932 559 1089 598 diuina
1119 559 1285 598 Maesta
1315 560 1356 598 et
1386 558 1432 597 in
1463 558 1607 597 salute
1637 557 1730 596 del-

97 625 290 665 l’anime
319 627 347 666 1.

178 691 215 731 7.
246 691 379 730 Resta
399 691 468 730 ch'
484 691 527 730 io
556 690 777 742 aggionga
798 690 957 729 alcuna
987 701 1090 728 cosa
1119 689 1189 728 del
1210 690 1362 728 nostro
1392 687 1614 727 esteriore.
1647 686 1730 726 Noi

97 757 174 807 qui
195 756 497 807 sopportiamo
518 755 736 795 mediocre
755 762 774 781 a
797 755 993 806 pouerta,
1025 754 1255 805 percioche
1288 755 1581 805 quantunque
1614 753 1643 792 l'
1658 765 1731 792 en-

98 822 210 860 trate
237 821 308 860 del
342 821 529 872 collegio
577 821 701 860 sieno
731 820 868 859 molto
916 819 1087 858 minore
1117 819 1235 858 della
1283 819 1510 865 bastanza,
1543 829 1650 869 pure
1699 817 1730 856 il

97 884 195 936 S.¹‘0,
240 886 360 925 dalla
404 898 534 925 mano
577 885 648 925 del
677 885 809 937 quale
855 885 1053 935 depende
1082 884 1187 935 ogni
1236 886 1388 923 nostro
1431 895 1590 929 essere,
1640 894 1731 922 non

98 962 255 990 manca
283 950 328 990 di
358 951 564 990 souenire
593 951 707 990 delle
736 961 836 990 cose
866 949 1126 989 necessarie.
1157 949 1307 988 Siamo
1350 948 1545 987 anchora
1587 947 1730 987 stretti

97 1016 142 1056 di
172 1018 336 1064 stanze,
368 1017 526 1068 perche
556 1016 599 1055 la
629 1016 812 1067 pouerta
842 1027 932 1054 non
963 1015 1020 1054 ha
1050 1015 1111 1054 fin
1140 1016 1217 1066 qui
1253 1015 1527 1064 comportato
1570 1013 1650 1052 che
1692 1012 1731 1052 si

97 1081 164 1121 sia
194 1083 366 1132 potutto
396 1082 476 1121 dar
504 1081 590 1121 fine
611 1081 700 1120 alla
719 1080 1031 1134 comminciata
1062 1080 1228 1119 fabrica
1258 1079 1328 1118 del
1363 1078 1565 1129 collegio,
1589 1089 1732 1129 quan-

97 1148 266 1198 tunque
296 1147 336 1186 le
374 1159 501 1186 mura
540 1146 578 1186 si
608 1146 734 1185 sieno
773 1146 913 1185 alzate
956 1145 1056 1185 sino
1086 1145 1128 1184 al
1172 1147 1295 1192 tetto,
1345 1145 1518 1184 l'horto
1566 1155 1643 1194 per
1689 1143 1732 1182 la

97 1212 299 1263 maggior
328 1214 450 1263 parte
479 1212 725 1263 espianato,
758 1213 800 1251 et
829 1211 874 1250 di
904 1212 1054 1250 monte
1085 1210 1229 1249 ridoto
1260 1210 1307 1249 in
1350 1209 1507 1260 piano;
1541 1209 1584 1248 la
1626 1208 1731 1259 qual

97 1289 231 1328 opera
259 1289 350 1317 non
379 1278 402 1316 e
432 1279 547 1317 stata
582 1277 765 1328 piccola,
798 1279 839 1316 et
870 1288 960 1316 non
996 1277 1092 1316 solo
1122 1277 1145 1315 0
1188 1276 1297 1315 fatto
1328 1276 1373 1314 in
1417 1276 1566 1314 buona
1610 1275 1732 1325 parte

97 1342 246 1394 piano,
270 1355 341 1382 ma
370 1343 490 1382 detto
522 1342 654 1393 piano
688 1343 711 1382 0
740 1342 913 1393 ripieno
934 1342 978 1381 di
1009 1342 1144 1381 herbe
1173 1341 1292 1381 assai
1323 1340 1423 1380 utili
1454 1340 1496 1379 31
1526 1339 1730 1390 collegio,

97 1409 139 1447 et
161 1407 206 1447 ui
227 1408 264 1447 si
286 1419 397 1447 sono
418 1410 542 1459 poste
563 1408 773 1459 alquante
794 1407 876 1447 uiti
907 1409 949 1446 et
979 1406 1128 1446 alcuni
1159 1405 1367 1446 fruttiferi
1390 1405 1543 1445 alberi.
1568 1405 1615 1444 L’
1631 1405 1731 1443 hor-

97 1475 141 1513 to
171 1474 194 1513 0
223 1473 341 1513 30031
372 1473 570 1524 spatioso
599 1475 642 1512 et
662 1472 843 1524 grande,
882 1472 1111 1523 percioche
1141 1472 1163 1511 0
1192 1472 1327 1522 longo
1348 1471 1379 1510 il
1410 1471 1589 1510 intorno
1610 1482 1635 1509 a
1658 1469 1734 1508 150

97 1539 251 1586 cubiti,
283 1540 324 1578 et
354 1539 477 1589 largo
506 1538 572 1579 62.
605 1540 647 1577 01
676 1538 730 1577 ha
764 1549 854 1577 una
876 1537 1132 1588 prospetiua
1162 1538 1203 1576 et
1233 1548 1323 1576 una
1358 1536 1521 1576 ueduta
1543 1534 1733 1574 marani-

97 1603 267 1655 gliosa3
300 1603 498 1643 ch'oltra
527 1603 607 1643 che
636 1605 677 1642 la
708 1605 824 1642 terra
845 1603 901 1641 da
930 1614 976 1641 se
1006 1603 1028 1641 e
1059 1604 1186 1653 posta
1221 1602 1267 1640 in
1288 1601 1393 1648 alto,
1425 1602 1582 1652 questo
1603 1600 1732 1638 horto

96 1670 119 1709 e
149 1669 196 1708 in
238 1680 328 1708 una
372 1671 494 1719 parte
536 1668 652 1707 della
695 1668 800 1707 citta
844 1667 961 1707 assai
1005 1667 1110 1715 alta,
1156 1669 1198 1706 et
1242 1666 1354 1705 mira
1397 1666 1531 1705 molte
1579 1664 1731 1715 miglia

96 1734 290 1781 intorno,
322 1735 365 1773 et
394 1745 453 1773 un
485 1745 615 1784 paese
644 1733 948 1780 amenissimo,
981 1732 1211 1783 percioche
1246 1732 1356 1771 uede
1400 1743 1488 1770 una
1532 1730 1734 1781 grandis—

97 1799 210 1839 sima
252 1801 294 1838 et
337 1799 557 1838 fruttifera
593 1799 724 1845 ualle,
772 1799 882 1838 uede
926 1798 1051 1837 molti
1082 1797 1229 1836 ameni
1273 1798 1315 1836 et
1359 1795 1568 1836 fruttiferi
1611 1795 1730 1841 colli,

97 1865 207 1904 uede
238 1865 422 1915 (benche
452 1864 508 1903 da
537 1864 737 1909 lontano)
770 1864 801 1903 il
845 1863 1016 1902 famoso
1046 1863 1147 1913 lago
1191 1862 1466 1908 Trasimeno,
1512 1860 1732 1911 ch'hoggi

97 1931 135 1970 si
164 1931 340 1970 chiama
369 1930 400 1969 il
430 1930 531 1981 lago
561 1930 605 1969 di
637 1929 838 1980 Perugia.
870 1929 923 1968 Di
962 1929 1158 1968 maniera
1192 1929 1272 1968 che
1302 1928 1466 1967 fornito
1510 1928 1590 1967 0110
1633 1926 1733 1965 sara

97 1997 159 2036 tal
202 1997 345 2044 horto,
390 1996 519 2036 credo
564 1997 687 2046 poter
716 1995 810 2035 dire
839 2007 922 2034 con
970 1996 1119 2034 buona
1163 2006 1268 2045 pace
1311 1993 1531 2033 dell'altri
1574 1992 1733 2043 collegi

97 2062 139 2101 d'
156 2062 299 2109 Italia,
331 2062 412 2101 che
441 2061 529 2113 egli
559 2061 662 2100 tutti
692 2061 972 2111 trappassera
1003 2060 1047 2099 di
1078 2060 1270 2099 bellezza
1298 2061 1339 2098 et
1370 2058 1592 2109 uaghezza
1626 2059 1667 2097 et
1688 2057 1733 2096 di

97 2127 318 2167 comodita
348 2129 389 2166 et
418 2127 462 2166 di
494 2127 629 2166 bonta
659 2126 703 2165 di
735 2126 875 2165 frutti.

176 2194 216 2232 8.
249 2192 414 2242 Questo
434 2193 456 2231 e
486 2193 654 2243 quanto
683 2191 723 2231 ci
743 2192 766 2230 e
797 2203 927 2242 parso
957 2190 1001 2229 di
1033 2191 1099 2230 far
1128 2202 1281 2241 sapere
1311 2202 1336 2229 a
1366 2190 1416 2229 V.
1442 2190 1488 2230 P.
1511 2188 1554 2228 di
1577 2190 1734 2239 questo

97 2259 285 2310 collegio
314 2259 358 2298 di
390 2257 764 2309 Montepulciano,
796 2257 828 2296 il
858 2257 938 2296 che
968 2256 1005 2296 si
1035 2257 1058 2296 e
1088 2257 1197 2295 fatto
1235 2267 1319 2295 con
1349 2255 1425 2307 piu
1466 2254 1615 2306 parole
1653 2254 1734 2293 che

98 2336 189 2363 non
227 2323 266 2363 si
314 2324 525 2371 richieda,
575 2323 661 2362 ella
709 2322 1016 2362 l'attribuisca
1063 2321 1152 2361 alla
1198 2321 1423 2372 loquacita
1452 2320 1556 2367 mia,
1607 2321 1648 2358 01
1695 2318 1733 2358 01

98 2389 294 2429 contenti
328 2388 607 2438 perdonarmi
637 2390 795 2439 questo
826 2388 947 2435 fallo,
989 2390 1031 2427 et
1060 2387 1097 2427 si
1128 2399 1218 2426 non
1261 2386 1620 2437 correspondono
1664 2385 1732 2424 al-

98 2454 312 2494 l'ardenti
343 2454 534 2494 desideri
563 2455 644 2494 che
676 2454 724 2494 V.
758 2454 809 2493 R.
843 2453 901 2492 ha
930 2453 1172 2492 dell'aiuto
1202 2452 1255 2491 de
1286 2451 1510 2503 prossimi,
1542 2450 1734 2490 conuien

159 2628 177 2646 a
198 2619 360 2652 Emend.
385 2629 432 2652 eac
456 2620 632 2661 magiore.

163 2775 173 2792 ¹
195 2774 275 2807 Non
292 2775 416 2806 tamen
440 2774 602 2815 impetus
625 2773 863 2806 inimicorum
886 2774 923 2805 et
946 2772 1157 2805 calumniae
1180 2772 1310 2804 contra
1334 2771 1455 2803 socios
1488 2770 1733 2811 subsequenti

97 2829 261 2869 tempore
294 2829 507 2867 cessarunt3
531 2836 648 2869 quare
681 2827 719 2859 P.
745 2827 880 2859 Lainez
915 2826 1099 2868 generalis
1133 2835 1232 2858 anno
1263 2825 1344 2857 1563
1374 2825 1571 2865 collegium
1604 2823 1735 2855 dissol—

98 2881 260 2913 vendum
283 2881 446 2913 decrevit
479 2880 546 2922 (Cf.
583 2879 815 2913 SACCHINUM:
849 2879 1000 2912 Histor.
1028 2879 1112 2912 Soc.
1137 2879 1242 2915 Iesu,
1267 2879 1362 2920 part.
1388 2878 1432 2915 II,
1458 2877 1522 2910 lib.
1546 2877 1589 2916 V,
1615 2886 1650 2909 n.
1676 2877 1735 2909 107

100 2944 200 2976 sqq.;
225 2934 289 2967 lib.
307 2934 385 2974 VII,
411 2944 447 2967 n.
472 2935 513 2966 ΞΟ
535 2934 653 2976 seqq).
678 2933 783 2974 Quod
807 2942 881 2965 non
904 2933 979 2965 nisi
1003 2932 1115 2965 annis
1139 2932 1317 2964 1606-1607
1340 2932 1475 2964 iterum
1499 2931 1662 2963 erectum
1678 2931 1735 2962 est

100 2987 152 3020 Cf.
181 2988 403 3020 InvssNcmm:
429 2986 578 3020 Histor.
603 2988 687 3020 Soc.
712 2986 816 3023 Iesu,
842 2987 937 3028 part.
972 2986 1015 3023 V,
1050 2986 1138 3018 tom.
1174 2985 1368 3026 posterior,
1404 2984 1467 3016 lib.
1504 2984 1580 3023 XV,
1612 2993 1648 3016 n.
1675 2984 1732 3022 23;

100 3040 261 3080 chcm,
286 3041 310 3073 l.
336 3050 380 3080 c.,
405 3041 514 3073 59-61.
