2099 3516
562 258 641 294 570.
670 279 711 284 —
740 258 982 295 VINDOBONA
1011 258 1027 293 1
1058 259 1313 296 SEPTEMBRIS
1342 262 1429 296 1501
1698 264 1761 298 193

283 378 481 427 futuras.
516 400 563 404 —
593 382 740 417 12-14.
766 378 1000 418 Contiones
1022 379 1201 428 aliaque
1221 393 1328 430 crya
1345 382 1579 430 proximos
1605 383 1804 420 ministe-

284 444 370 480 ria.
404 465 454 467 —
482 446 635 481 15-20.
664 444 862 482 Fructus
891 455 943 481 ea:
973 445 1362 483 sacramentorum
1393 446 1803 485 administratione.

283 529 334 533 —
364 511 514 546 21-23.
545 508 791 547 Institutae
833 509 1090 558 rogationes
1133 510 1173 546 et
1217 510 1474 548 decantatae
1516 511 1703 549 litaniae
1741 513 1807 549 in-

283 573 451 611 stinctu
481 573 612 611 Hosii
654 572 927 620 Cardinalis,
961 575 1038 622 qui
1067 586 1111 612 se
1140 575 1311 613 nostris
1341 575 1804 614 benevolentissimum

283 637 464 676 eochibet.
489 659 539 663 —
570 641 644 676 24.
679 637 889 689 Corporis
919 639 1234 687 afflictationes
1266 640 1322 678 ad
1350 640 1572 679 Ecclesiae
1603 640 1715 679 bona
1742 641 1808 678 ob-

284 702 482 741 tinenda.
507 725 556 729 —
587 707 743 741 25-27.
773 703 977 742 Discidia
1007 706 1264 753 composita.
1289 726 1340 731 —
1361 708 1517 743 28-30.
1553 705 1807 744 Carceratis

283 767 324 805 et
353 768 548 816 aegrotis
578 768 808 806 auoeiliiim
836 769 996 818 fertur.
1030 790 1080 794 —
1111 772 1178 807 31.
1213 768 1414 808 Curatur
1442 771 1492 808 ut
1520 771 1808 820 gravioribus

284 833 420 870 malis
463 833 712 872 remedium
755 833 1033 872 adhibeatur.
1080 856 1129 860 —
1174 838 1248 873 32.
1296 833 1483 885 Colleyii
1530 836 1805 874 eoeistimatio

285 897 407 947 apud
449 897 650 937 diversos
687 899 879 948 populos
923 899 1092 937 crescit.
1125 922 1175 925 —
1207 903 1363 938 33-35.
1406 901 1517 939 Acta
1559 902 1607 939 in
1637 901 1806 951 synodo

282 963 590 1012 strigoniensi.
635 964 697 1002 De
741 964 924 1013 collegio
969 964 1169 1003 Neosolii
1212 966 1421 1015 erigendo
1471 967 1708 1005 tractatur.
1758 989 1808 993 —

284 1031 440 1066 36-37.
482 1029 641 1067 Patris
683 1030 869 1068 rectoris
904 1030 961 1068 ad
1003 1031 1306 1080 episcopatum
1346 1031 1808 1082 transsylvaniensem

284 1093 504 1142 afflictum
541 1094 772 1143 profectio.
804 1117 856 1120 ——
886 1099 960 1134 38.
1004 1096 1067 1133 De
1096 1096 1272 1146 collegii
1308 1097 1613 1147 tyrnaviensis
1642 1098 1806 1136 initiis.

282 1181 334 1184 —
355 1162 429 1197 39.
465 1158 630 1197 Caesar
659 1160 897 1198 viennense
927 1161 1164 1211 collegium
1187 1163 1383 1211 pecunia
1413 1163 1554 1201 iuvat.
1578 1185 1629 1188 ——
1647 1166 1724 1201 40.
1747 1163 1809 1201 De

284 1224 588 1274 tyrnaviensis
617 1224 793 1275 collegii
821 1225 1006 1275 fabrica.
1039 1249 1091 1251 —
1121 1230 1275 1265 41-43.
1306 1227 1412 1266 Alia
1446 1227 1654 1267 Caesaris
1684 1228 1808 1267 bene-

281 1289 396 1338 ficia.
434 1311 476 1315 —
507 1293 583 1328 44.
618 1289 787 1329 Civitas
829 1292 1087 1330 viennensis
1119 1292 1263 1331 locum
1292 1292 1418 1331 horto
1448 1294 1488 1331 et
1518 1291 1808 1332 rusticationi

283 1355 614 1394 accommodum
643 1356 815 1394 nostris
845 1357 1053 1395 concedit.
1091 1380 1143 1382 —
1175 1361 1252 1396 45.
1282 1358 1439 1408 Aliqui
1468 1360 1577 1397 socii
1607 1359 1708 1398 vota
1738 1371 1809 1397 vo-

281 1421 396 1458 vent.
428 1442 479 1447 —-
507 1424 584 1459 46.
613 1421 667 1459 P.
706 1421 1014 1460 Provincialis
1052 1423 1251 1472 eccemplo
1295 1423 1334 1462 et
1376 1423 1707 1462 hortationibus
1752 1424 1809 1462 ad

276 1486 592 1535 perfectionem
620 1486 797 1525 excitat.
816 1490 960 1525 —4·7.
987 1486 1068 1525 Cui
1088 1489 1336 1538 imperator
1371 1489 1648 1528 litterarium
1678 1501 1808 1539 nego-

282 1551 397 1589 tium
426 1552 718 1590 commendat.
741 1574 793 1578 ——
811 1555 889 1591 48.
920 1551 1136 1592 Sacerdos
1166 1553 1454 1604 anabaptista
1485 1555 1541 1593 ad
1560 1555 1808 1594 Ecclesiam

280 1616 410 1655 redit.
442 1639 493 1642 —
521 1620 598 1656 49.
627 1617 885 1667 Religiosus
924 1630 1139 1657 moravus
1174 1620 1399 1658 contendit
1441 1621 1491 1659 ut
1535 1621 1683 1659 nostri
1711 1622 1808 1659 eius

278 1683 449 1732 scripta
480 1682 649 1722 liment.
681 1705 733 1708 ——
762 1687 837 1722 50.
866 1684 1209 1723 Ecclesiasticus
1252 1686 1324 1723 vir
1353 1685 1405 1724 ab
1435 1687 1581 1724 animi
1611 1686 1809 1724 anxieta-

280 1746 414 1785 tibus
438 1747 671 1786 liberatur.
703 1771 755 1774 —
784 1752 935 1787 51-56.
970 1748 1274 1799 Confessionis
1316 1751 1653 1790 sacramentum
1684 1763 1710 1790 a
1738 1763 1808 1790 sa-

280 1812 529 1851 cerdotibus
571 1814 888 1863 frequentatur
903 1828 916 1861 ,·
944 1815 984 1853 et
1013 1815 1133 1853 vires
1162 1827 1272 1854 suas
1302 1815 1534 1855 mirabiles
1563 1818 1612 1855 in
1641 1817 1739 1855 illis
1768 1817 1808 1855 et

280 1878 329 1916 in
359 1878 466 1916 aliis
495 1880 674 1917 escserit.

254 2024 290 2064 1.
319 2025 349 2075 †
378 2024 468 2065 Ihs.
502 2025 594 2064 Pax
637 2024 754 2066 Chri.
785 2027 865 2066 etc.
897 2026 1116 2074 Referam,
1162 2027 1270 2067 Rde.
1308 2028 1547 2067 admodum
1593 2028 1639 2068 in
1674 2027 1804 2068 Chro.

174 2089 318 2137 Pater,
351 2090 451 2130 vnis
481 2090 552 2130 his
582 2090 757 2138 litteris,
793 2091 1029 2143 praecipua
1057 2092 1277 2143 quaedam
1306 2105 1476 2140 eorum,
1503 2106 1617 2145 quae
1648 2094 1693 2133 in
1724 2094 1807 2134 hoc

172 2165 377 2194 caesareo
407 2155 619 2196 minimae
648 2158 826 2196 nostrae
856 2156 1090 2197 Societatis
1117 2157 1351 2198 Viennensi
1381 2158 1569 2210 collegio
1589 2159 1808 2198 Dominus

172 2219 294 2260 [hus.
318 2232 394 2271 per
416 2220 598 2260 inutiles
627 2233 782 2261 seruos
811 2233 932 2270 suos,
956 2222 1155 2273 proxime
1184 2225 1337 2263 exacto
1368 2224 1682 2274 quadrimestri
1710 2236 1807 2275 per-

173 2284 300 2324 ficere
329 2285 541 2337 dignatus
570 2288 649 2326 est,

251 2349 290 2389 2,
323 2349 499 2401 Septem
529 2353 570 2390 et
599 2351 912 2403 quadraginta,
944 2352 1021 2404 qui
1052 2352 1124 2392 hic
1154 2354 1274 2399 sunt,
1307 2353 1500 2393 instituti
1546 2353 1686 2393 nostri
1722 2365 1809 2393 me-

172 2426 317 2454 mores
359 2415 415 2454 ad
459 2416 773 2456 penthecostes
817 2417 977 2457 festum
1025 2419 1126 2457 vota
1164 2429 1246 2458 sua
1285 2417 1522 2469 imprimis,
1564 2430 1643 2469 pro
1687 2430 1807 2458 more

172 2491 405 2531 nunquam
434 2481 544 2520 satis
587 2481 769 2521 laudato
799 2481 1047 2529 Societatis,
1079 2483 1289 2531 maximo,
1322 2495 1413 2523 non
1443 2483 1614 2530 dubito,
1646 2483 1806 2524 affectu

173 2548 460 2586 renouarunt.
494 2545 620 2586 Circa
650 2546 767 2586 idem
797 2549 972 2598 tempus
1001 2559 1092 2587 non
1122 2548 1219 2588 sine
1249 2548 1412 2596 fructu,
1443 2549 1563 2600 quod
1601 2561 1653 2588 ex
1682 2549 1808 2589 effec—

173 2609 293 2650 tibus
336 2611 435 2651 licet
480 2611 700 2663 colligere,
732 2612 976 2652 domestica
1005 2613 1142 2653 offitia
1173 2614 1353 2654 fuerunt
1392 2614 1655 2661 distributa;
1688 2616 1736 2654 ut
1765 2616 1807 2654 et

175 2675 370 2715 veterani
413 2676 578 2716 milites
621 2677 772 2717 labore
814 2678 1163 2726 leuarentur,·et
1200 2679 1467 2718 recentiores
1510 2679 1593 2719 hac
1635 2679 1807 2719 ratione

172 2739 535 2788 instituerentur,
568 2741 728 2782 deinde
774 2754 876 2782 vero
922 2745 1043 2782 tanta
1088 2743 1248 2794 pietate
1286 2744 1573 2795 abnegationi
1604 2743 1806 2795 propriae

174 2805 420 2846 Voluntatis
449 2807 646 2855 student,
679 2807 880 2859 tantique
910 2810 1015 2847 sunt
1044 2808 1091 2848 in
1121 2808 1399 2848 refrenandis
1442 2809 1633 2860 proprijs
1667 2809 1806 2848 animi

172 2870 545 2922 aegritudinibus,
578 2873 627 2911 ut
658 2872 912 2923 frequenter
955 2873 1142 2924 gradum
1187 2874 1358 2921 sistere,
1399 2874 1665 2925 frequenter,
1711 2876 1756 2914 vt
1788 2882 1806 2900 a

233 3055 253 3074 a
272 3048 312 3079 vt
335 3057 461 3089 supra
485 3057 587 3080 vers.
