2099 3516
435 248 481 282 5'4
905 248 1108 285 LlTTERAE
1142 252 1486 294 QUAnmmns'rRsss
1595 251 1608 270 ¹

388 368 702 419 apprehendit;
736 368 892 419 reliqui
937 369 1105 408 socium
1152 368 1419 408 uindicaturi
1467 368 1655 416 irruunt,
1693 370 1846 420 plagas
1885 370 2006 410 incu-

388 434 519 480 tiunt,
544 434 657 472 ictus
687 434 981 484 frequentant,
1004 445 1116 483 quos
1140 434 1281 472 bonus
1310 432 1603 472 scholasticus
1633 433 1797 473 inuicte
1828 435 2005 484 pertulit

387 510 438 537 ac
467 498 667 538 libenter.
700 497 808 537 Cum
853 498 976 536 festis
1005 498 1161 536 diebus
1204 498 1255 536 ad
1304 497 1437 536 uillas
1482 497 1744 547 Methynnae
1783 499 2005 548 proximas

387 563 581 602 docende
610 562 835 601 doctrinae
863 574 996 601 causa
1027 564 1202 600 nostros
1231 561 1440 599 amandat
1472 561 1599 600 Pater
1637 564 1776 601 rector
1804 574 2006 613 praecep-

388 630 519 675 tores,
551 628 736 666 letanter
778 640 803 666 a
846 626 1023 666 rusticis
1062 626 1356 675 excipiuntur.
1387 625 1609 664 Saltantes
1650 638 1749 665 cum
1782 627 1890 666 uiris
1920 629 2006 667 fae-

388 692 548 737 minae,
593 693 832 731 choreasue
875 691 1099 733 ducentes,
1146 702 1234 728 non
1278 691 1576 740 repugnanter
1617 690 1854 741 accipiunt,
1899 692 1936 731 si
1980 704 2005 731 a

387 757 550 808 gaudio
594 757 895 797 retrahantur:
931 767 1057 806 porro
1100 754 1357 805 timpanista
1401 755 1609 794 suauiore
1650 755 1781 794 etiam
1827 757 2005 796 modulo

385 833 485 861 cum
529 823 703 860 nostros
746 821 882 866 uidet,
914 819 1116 858 auditum
1164 818 1317 868 pergit,
1350 830 1479 868 quem
1513 819 1576 867 (ut
1622 832 1698 870 par
1739 822 1819 867 est)
1854 821 2004 861 sonitu

386 886 605 937 agricolae
634 885 833 925 destituti
864 885 1212 934 subsequuntur.

465 952 503 991 3.
537 951 694 990 Nostra
723 962 826 1000 erga
855 951 1027 988 exteros
1069 947 1288 986 exercitia.
1320 946 1538 987 Continue
1576 951 1681 987 sunt
1712 949 1757 989 P.
1791 949 1873 988 ΗΕ*
1902 962 2004 989 con-

385 1016 550 1063 ciones,
573 1027 684 1067 quas
714 1028 738 1054 a
768 1014 838 1053 die
867 1014 909 1054 S.
932 1012 1159 1052 Michaelis
1190 1024 1279 1051 uno
1309 1024 1484 1063 quoque
1515 1013 1625 1052 festo
1650 1014 1821 1057 habuit,
1848 1015 2004 1065 partim

385 1083 487 1120 ante
518 1080 743 1119 meridiem
775 1080 821 1118 in
849 1080 1029 1118 externo
1071 1077 1222 1127 aliquo
1266 1076 1444 1126 templo,
1478 1077 1635 1127 partim
1679 1078 1798 1117 domi
1829 1081 2004 1119 nostrae

386 1148 486 1196 post
513 1147 713 1185 cantatas
743 1144 1020 1195 uespertinas
1059 1143 1205 1181 horas.
1238 1141 1545 1181 Exortationes
1588 1142 1697 1181 istae
1740 1143 2005 1184 domesticae

383 1209 671 1249 emolumenti
703 1208 890 1247 multum
920 1206 1110 1246 afferunt
1139 1205 1389 1255 oppidanis.
1422 1205 1529 1245 Tam
1572 1206 1840 1254 domesticis,
1871 1221 2003 1259 quam

385 1274 578 1313 externis
608 1274 655 1312 P.
690 1272 786 1313 Rst‘is
816 1271 1120 1316 concionibus
1153 1270 1374 1309 intersunt
1417 1270 1685 1310 scholastici.
1726 1272 1806 1311 His
1848 1273 2004 1313 diebus

386 1338 514 1378 multi
546 1338 631 1378 uiri
661 1350 760 1377 cum
792 1337 956 1376 nostris
986 1337 1162 1386 peccata
1190 1335 1468 1383 confitentur,
1501 1336 1664 1386 quippe
1702 1349 1813 1387 quos
1856 1350 2004 1377 sacrae

386 1403 473 1442 iam
499 1403 728 1442 contiones
757 1400 1056 1441 animauerint
1075 1408 1106 1440 ³.
1139 1400 1266 1439 Festo
1287 1399 1485 1438 omnium
1507 1402 1774 1451 sanctorum,
1797 1403 2004 1452 quamuis

385 1468 566 1507 solitum
609 1468 796 1507 defuerit
840 1466 1070 1508 iubileum.
1116 1465 1288 1515 solique
1330 1464 1419 1504 duo
1462 1465 1686 1504 extiterint
1728 1467 2001 1518 confessarij.

385 1545 474 1572 non
504 1535 651 1572 tamen
680 1533 915 1572 defuerunt
942 1532 994 1570 80
1023 1531 1186 1582 plures,
1218 1530 1295 1581 qui
1327 1529 1490 1569 Christi
1521 1542 1681 1582 corpus
1703 1533 2002 1573 venerabundi

384 1597 682 1647 susciperent;
714 1597 789 1647 qui
822 1608 1033 1636 numerus
1063 1607 1117 1634 ne
1146 1597 1247 1634 tuae
1278 1594 1343 1639 P.,
1375 1595 1526 1645 oppidi
1558 1596 1692 1635 huius
1727 1596 2004 1636 animaduer-

384 1662 447 1701 sis
478 1662 690 1709 moribus,
713 1662 900 1712 exiguus
921 1661 939 1687 b
961 1660 1181 1700 uideatur.
1205 1660 1298 1699 Hoc
1328 1662 1475 1699 tamen
1505 1660 1670 1700 iubileo
1702 1662 1826 1712 potiti
1848 1674 2003 1702 sumus

385 1727 495 1766 festo
525 1727 826 1777 conceptionis
868 1727 918 1766 V.
953 1728 1024 1774 M.;
1058 1728 1140 1767 hoc
1182 1729 1247 1767 est
1275 1726 1338 1764 ‘23²
1371 1726 1591 1765 aduentus
1625 1725 1870 1775 dominica;
1915 1740 2004 1778 quo

383 1791 454 1830 die
485 1792 531 1831 P.
566 1792 656 1830 R.0¹·
685 1792 731 1830 in
760 1791 924 1842 templo
953 1792 1145 1842 quodam
1176 1792 1289 1831 inter
1317 1792 1405 1831 alia
1436 1792 1576 1842 primo
1605 1793 1671 1830 est
1698 1791 2001 1838 concionatus,

385 1859 520 1907 utque
550 1869 795 1896 sermonem
827 1858 983 1896 faceret
1015 1857 1316 1907 vespertinum
1347 1858 1392 1896 in
1422 1857 1571 1896 eodem
1604 1857 1767 1907 templo
1798 1856 1881 1896 fuit
1909 1868 2004 1896 ora-

384 1923 467 1961 tus.
491 1922 644 1961 Rector
664 1922 835 1970 annuit,
856 1922 1146 1973 refertamque
1168 1922 1326 1962 habuit
1347 1922 1516 1972 vesperi
1538 1922 1712 1961 turbam
1733 1921 2000 1961 auditorum.

384 1985 629 2025 Conciones
658 1987 878 2026 aduentus
909 1987 1103 2037 reliquas
1134 1987 1180 2026 in
1210 1987 1373 2038 templo
1403 1987 1595 2026 maximo
1626 1986 1806 2037 peregit,
1829 1988 1871 2025 et
1899 1997 2003 2036 quo-

383 2050 485 2089 dam
515 2051 617 2090 alio.
652 2051 851 2098 Fructus,
884 2054 932 2090 ut
961 2052 1049 2091 alia
1079 2052 1250 2099 sileam,
1282 2064 1412 2102 quem
1442 2052 1487 2090 in
1517 2051 1808 2091 concionibus
1836 2050 2002 2100 experti

383 2127 553 2163 sumus,
586 2128 688 2167 pars
718 2129 872 2167 nempe
903 2117 986 2156 fuit
1016 2117 1209 2167 prebitas
1239 2117 1375 2156 fuisse
1404 2117 1695 2156 eleemosinas
1720 2115 1924 2155 liberales
1954 2115 2003 2153 il-

384 2180 468 2219 lico
499 2183 547 2220 ut
577 2182 704 2221 Pater
733 2194 894 2233 egenos
923 2183 1139 2233 quosdam
1159 2184 1201 2221 et
1222 2182 1480 2231 infortuniis
1503 2193 1676 2232 pressos
1704 2180 1999 2220 comendauit.

462 2246 499 2286 4.
530 2246 799 2285 Duodecima
829 2247 899 2286 die
929 2247 1192 2287 Nouembris
1222 2250 1423 2286 sanctum
1453 2247 1599 2286 oleum
1630 2248 1780 2285 nostro
1810 2245 2002 2284 sacrario

384 2309 635 2357 intulimus,
658 2312 812 2361 preuio
841 2312 1014 2351 solenni
1045 2324 1169 2351 sacro
1191 2320 1228 2359 ὓς
1261 2324 1374 2363 quae
1394 2324 1500 2351 sane
1522 2323 1590 2350 res
1612 2311 1802 2350 maximo
1832 2309 2002 2349 cunctis

385 2374 468 2413 fuit
496 2376 672 2423 solatio,
703 2388 802 2416 cum
834 2377 961 2416 valde
991 2377 1035 2415 id
1065 2377 1362 2416 necessarium
1405 2379 1581 2416 nostrae
1624 2376 1775 2415 domui
1809 2386 2002 2414 censere-

383 2450 495 2480 mus.
527 2441 673 2480 Mense
702 2442 853 2481 eodem
884 2442 969 2481 huc
999 2442 1172 2492 appulit
1202 2454 1413 2482 romanus
1442 2442 1575 2481 frater
1603 2441 1679 2492 qui
1711 2442 1899 2479 loannes
1920 2439 2002 2478 Do·

384 2505 575 2545 minicus
604 2506 844 2549 dicebatur,
873 2507 1001 2546 cuius
1031 2518 1113 2546 nos
1144 2506 1392 2557 praesentia
1421 2506 1703 2553 exhilaranst,
1726 2504 2002 2544 obedientiae

382 2571 422 2608 et
452 2569 752 2620 simplicitatis
783 2571 1015 2621 religiosae
1053 2571 1302 2622 exemplum
1333 2571 1379 2610 in
1409 2570 1587 2610 virtutis
1629 2569 1801 2610 edificio
1843 2569 2001 2608 confir-

382 2635 522 2674 mauit
552 2637 579 2674 1.
612 2634 770 2674 Eodem
804 2647 953 2674 mense
983 2636 1248 2675 franciscani
1280 2636 1432 2675 Patres
1466 2635 1720 2686 Hyspaniae
1754 2634 1890 2674 totius
1932 2645 2002 2683 ge-

444 2783 462 2802 a
482 2775 642 2808 Emend.
667 2785 714 2808 ex
737 2777 1055 2809 animaduertunt.
1080 2797 1119 2800 —
1144 2778 1161 2804 b
1182 2778 1330 2819 exiguis
1353 2778 1396 2809 in
1425 2787 1509 2813 ms.,
1535 2787 1661 2818 supra
1690 2786 1847 2809 versum
1871 2779 1998 2808 tamen

381 2831 438 2861 est
460 2829 615 2869 syllaba
638 2838 694 2861 us.
720 2848 759 2851 —
783 2838 798 2856 c
818 2839 852 2861 v.
875 2840 979 2862 sacro
1002 2840 1128 2871 supra
1152 2840 1253 2863 vers.

445 2956 454 2973 ¹
478 2954 570 2987 Vide
593 2954 632 2987 S.
657 2954 802 2987 Franc.
822 2955 984 2996 Borma,
1004 2956 1154 2995 111‚645.
1180 2956 1306 2988 Frater
1329 2957 1543 2988 Dominicus
1566 2965 1611 2988 ex
1634 2955 1920 2997 compostellana
1943 2964 2003 2995 pe·

382 3008 633 3048 regrinatione
657 3008 695 3040 in
719 3008 866 3040 Italiam
890 3009 1153 3041 revertebatur.
1179 3009 1272 3042 Vide
1299 3009 1453 3042 inferius
1476 3018 1532 3051 ep.
1556 3010 1628 3041 477.
