2099 3516
559 325 638 360 ὕοι).
666 346 709 349 —
737 324 934 360 ‘ramnus
961 324 1007 359 245
1034 325 1203 360 APRJLIS
1233 323 1314 359 1561
1639 328 1708 361 ι’(νῖ)

127 441 186 480 ita
217 441 329 491 grati
362 442 526 493 populo
555 442 766 485 existunt.
802 445 844 481 vt
877 443 1097 482 maximus
1140 445 1341 493 speretur
1380 444 1562 482 fruetus.
1611 444 1716 482 Nam
1738 455 1752 469 ²¹

125 506 362 545 (lominicis
391 519 440 545 ac
474 507 596 546 festis
625 507 783 547 diebus
813 509 935 546 tanta
967 508 1079 546 solet
1108 520 1204 547 esse
1235 508 1386 558 populi
1419 509 1680 559 frequentia.
1715 512 1754 548 vt

125 582 214 610 non
248 583 427 620 paruam
474 572 602 611 nobis
646 572 985 611 admirationem
1030 572 1210 613 adferat.
1258 572 1421 612 Omnes
1467 585 1567 612 vero
1607 577 1755 624 gratos

125 635 209 673 sibi
241 647 336 674 esse
365 636 700 675 concionatores
744 648 830 675 non
874 637 1064 675 obscura
1107 637 1385 676 obedientiae
1429 637 1755 688 significatione

124 700 418 740 declararunt.
453 701 621 740 Etenim
654 713 753 741 cum
776 701 794 726 ¹>
815 701 885 740 die
914 702 1107 752 quodam
1137 701 1341 741 concioni
1374 702 1651 744 interessent.
1674 703 1756 742 sci-

125 767 275 816 retque
304 766 590 805 concionator
618 766 815 806 ciuitatis
861 767 1074 817 populum
1118 767 1233 806 diem
1279 767 1405 806 illum
1452 768 1756 818 potationibus

123 841 382 869 consumere
411 831 699 870 consueuisse
731 831 824 882 (qui
857 842 964 870 sane
989 831 1084 871 dies
1114 843 1202 870 non
1236 843 1334 870 raro
1364 834 1469 872 sunt
1499 832 1544 871 in
1574 832 1755 871 Germa-

122 894 229 940 nia),
262 895 307 934 in
340 895 498 934 media·
525 896 738 935 concione
782 908 857 935 eos
903 896 1069 935 hortari
1114 897 1272 947 coepit,
1308 899 1351 936 vt
1382 897 1575 947 Spiritus
1612 898 1753 937 sancti

123 960 310 1010 gratiam
342 961 643 1012 implorarent,
676 973 764 1012 qua
793 961 934 1000 adiuti
981 964 1158 1012 peccata
1202 962 1310 1001 haec
1354 962 1522 1002 euitare
1558 965 1751 1013 possent.

128 1025 230 1065 [lico
259 1037 414 1065 omnes
435 1026 573 1077 (quod
595 1026 889 1065 admiratione
919 1026 1105 1077 dignum
1137 1027 1237 1074 tuit)
1268 1027 1393 1066 humi
1426 1028 1632 1078 prostrati
1654 1039 1752 1067 cum

124 1090 314 1129 maxima
346 1090 483 1129 animi
514 1090 814 1130 submissione
844 1103 890 1130 se
921 1091 1031 1130 velle
1061 1092 1116 1130 ab
1146 1092 1230 1131 hoc
1260 1091 1625 1142 intemperantiae
1646 1093 1755 1131 vitio

122 1155 344 1195 abstinere
374 1156 521 1195 testati
552 1158 670 1195 sunt.
696 1156 924 1196 Petierunt
954 1157 1037 1196 hoc
1067 1156 1409 1208 quadragesimo
1438 1159 1634 1208 tempore
1655 1157 1755 1197 Car-

123 1220 288 1259 tusiani
334 1221 487 1260 Patres
519 1221 578 1260 vti
622 1221 787 1272 aliquis
832 1224 1035 1261 nostrum
1079 1221 1431 1261 exhortationem
1477 1222 1754 1273 spiritualem

121 1285 239 1335 apud
269 1297 345 1325 eos
376 1286 555 1325 haberet
590 1294 627 1333 ⁰3
673 1286 790 1336 quod
835 1286 900 1325 eis
943 1298 1199 1326 concessum
1247 1289 1311 1326 est
1342 1299 1368 1326 a
1399 1287 1527 1326 Patre
1572 1287 1754 1326 Rectore

123 1352 299 1400 propter
328 1363 492 1390 morem
523 1363 652 1402 quem
685 1364 711 1390 a
740 1351 906 1390 nostris
936 1350 1147 1391 Coloniae
1177 1352 1465 1391 obseruatum
1509 1364 1604 1392 esse
1643 1352 1756 1392 astir-

122 1417 314 1463 marent;
346 1415 417 1455 cui
448 1416 747 1455 exhortationi
790 1416 878 1455 duo
923 1417 1106 1456 abbates
1148 1428 1247 1456 cum
1293 1417 1526 1456 nonnullis
1555 1418 1756 1457 sacerdo·

120 1481 241 1521 tibus
285 1481 485 1521 honestis
528 1481 839 1521 interfuerunt.
875 1482 1176 1521 Pronunciata
1204 1484 1271 1521 est
1301 1484 1495 1533 preterea
1529 1482 1672 1522 oratio
1701 1483 1755 1522 de

120 1546 330 1586 laudibus
361 1547 411 1585 D.
445 1546 613 1586 Thome
652 1547 893 1598 Aquinatis
923 1559 947 1586 a
977 1547 1170 1598 quodam
1214 1559 1267 1586 ex
1312 1547 1478 1587 nostris
1522 1547 1748 1590 fratribus,

119 1611 493 1662 quemadmodum
524 1612 616 1651 fieri
647 1612 882 1651 consueuit
912 1612 957 1651 in
989 1611 1094 1651 noui
1127 1612 1309 1651 rectoris
1348 1612 1653 1652 vniuersitatis
1684 1613 1755 1652 de-

120 1676 248 1716 let-tu.
283 1677 554 1728 Assumptus
583 1679 729 1716 autem
753 1679 817 1716 est
840 1677 885 1716 in
907 1679 1119 1716 rectorem
1150 1689 1394 1728 generosus
1423 1678 1633 1717 dominus
1664 1690 1753 1729 pre-

120 1741 292 1791 positus
321 1741 485 1781 summi
516 1741 668 1792 templi
702 1744 728 1787 ¹,
763 1742 893 1781 nobis
923 1741 1271 1790 addictissimus,
1296 1742 1372 1793 qui
1404 1742 1641 1782 autoritate
1671 1755 1751 1782 sua

120 1806 489 1858 vniuersi[ta]tem
520 1807 636 1846 hanc
668 1819 927 1857 promouere
956 1809 998 1846 et
1027 1807 1141 1846 tueri
1172 1807 1345 1858 poterit.
1413 1857 1421 1863 ·

197 1872 236 1911 4.
269 1871 419 1923 Neque
449 1872 521 1911 hic
552 1872 801 1922 vberrimus
831 1873 1015 1915 fructus.
1047 1884 1177 1923 quem
1200 1884 1251 1911 ex
1272 1873 1632 1912 confessionibus
1662 1885 1753 1913 cre-

121 1937 210 1976 bris
239 1937 452 1977 collectus
481 1940 561 1982 est,
594 1937 942 1988 supprimendus
973 1938 1161 1977 videtur.
1210 1938 1304 1977 Hoc
1348 1938 1607 1977 Natiuitatis
1643 1938 1753 1977 festo

118 2003 233 2042 inter
262 2003 426 2042 multos
456 2003 532 2054 qui
564 2003 729 2043 nostris
759 2003 950 2042 confessi
982 2005 1101 2046 sunt,
1126 2006 1214 2042 tres
1246 2004 1425 2043 suerunt
1457 2003 1676 2054 peregrini
1701 2016 1752 2043 ex

119 2068 244 2119 pagis
274 2068 446 2108 ciuitati
478 2069 708 2119 proximis,
742 2080 870 2108 senes
899 2069 1138 2108 admodum
1170 2071 1211 2108 et
1241 2071 1383 2108 aetate
1428 2069 1625 2119 profecti,
1658 2069 1750 2120 qui.

117 2140 217 2173 cum
248 2146 271 2173 a
302 2134 493 2185 quodam
524 2146 577 2173 ex
608 2134 816 2173 Patribus
862 2134 1027 2173 nostris
1070 2134 1211 2174 auditi
1257 2135 1461 2183 fuissent,
1494 2137 1535 2174 et
1566 2135 1752 2174 honesto

118 2199 305 2249 prandio
336 2199 533 2247 recreati,
566 2199 620 2238 ad
651 2199 830 2249 propria
860 2201 965 2238 sunt
996 2199 1184 2245 remissi,
1216 2200 1335 2249 quod
1366 2211 1456 2238 non
1486 2200 1596 2239 satis
1626 2211 1752 2239 accu-

118 2265 212 2303 rato
243 2264 409 2303 iudicio
447 2264 695 2315 longiorem
740 2264 1141 2315 peregrinationem
1171 2264 1421 2315 suscepisse
1468 2264 1749 2304 videbantur.

119 2329 197 2380 [De
226 2330 345 2379 fabri
375 2333 557 2369 (locrarii
587 2332 834 2370 curatione.
875 2331 980 2369 Vide
1007 2343 1109 2380 pay.
1157 2329 1263 2381 166].
1313 2330 1405 2368 Hoc
1450 2330 1604 2379 ieiunij
1648 2332 1753 2368 tem-

120 2406 221 2444 pore
265 2406 427 2445 magna
470 2394 553 2433 fuit,
595 2394 902 2434 confitentium
950 2395 1207 2441 multitudo,
1240 2406 1318 2433 nec
1349 2395 1515 2434 ciuium
1560 2397 1749 2435 tantum.

117 2459 193 2498 sed
222 2462 504 2499 externorum
550 2459 739 2498 maxime
769 2459 801 2502 d*
843 2460 919 2510 qui
960 2460 1140 2499 nomine
1185 2459 1419 2499 Societatis
1462 2460 1630 2505 audito,
1680 2472 1753 2510 per

117 2536 325 2575 magnum
359 2524 532 2564 itineris
561 2525 755 2575 spatium
787 2525 1013 2564 Treuerim
1047 2528 1275 2572 venerunt,
1302 2527 1344 2563 vt
1367 2525 1532 2564 nostris
1562 2525 1751 2575 quedam

116 2590 413 2629 conscientiae
443 2602 605 2629 arcana
635 2591 902 2642 detegerent.
938 2591 1094 2630 Plures
1124 2603 1231 2631 sane
1261 2603 1359 2631 cum
1397 2591 1567 2642 ingenti
1599 2602 1751 2630 eorum

118 2657 262 2694 fructu
283 2655 474 2694 confessi
507 2655 711 2703 fuissent,
736 2656 823 2695 nisi
852 2658 1028 2707 propter
1058 2657 1194 2696 huius
1225 2656 1452 2696 idiomatis
1483 2656 1750 2706 imperitiam

116 2719 247 2758 ceteri
278 2719 528 2759 sacerdotes
558 2720 772 2770 prohibiti
804 2720 1007 2759 fuissent.
1042 2720 1127 2760 Nec
1174 2721 1301 2772 pauci
1332 2732 1508 2772 quoque
1553 2722 1747 2766 luerunt,

116 2784 192 2835 qui
223 2785 362 2824 libros
406 2785 699 2824 hereticorum
745 2785 1033 2825 charissimos
1064 2798 1088 2825 a
1120 2786 1250 2825 nobis
1294 2786 1418 2826 exuri
1465 2786 1583 2836 passi
1628 2787 1747 2824 sunt.

178 2934 195 2952 a
223 2925 349 2958 Oblitt.
378 2936 409 2958 ι’.
434 2926 476 2957 j„
504 2936 573 2959 ms.
598 2945 637 2948 ν-
662 2926 679 2952 b
700 2935 783 2958 cum
807 2936 889 2958 cum
916 2936 985 2958 ms.
1004 2945 1043 2949 —
1067 2936 1081 2953 c
1104 2926 1283 2959 haberent
1302 2937 1372 2959 vms.
1389 2926 1458 2953 —d
1480 2927 1663 2958 maximae
1679 2935 1749 2958 nes.

178 3065 187 3081 ²
212 3062 431 3095 Godefridus
456 3072 476 3094 a
508 3062 737 3095 Walderdorl'
770 3062 1039 3103 (Wallendorf).
1077 3063 1353 3095 Rfflrrssxssfflzu:
1380 3064 1402 3096 l.
1428 3073 1456 3096 c,
1482 3064 1533 3097 ⁸7,
1559 3064 1748 3096 annot.m:

115 3116 279 3150 His-sm.
306 3117 328 3148 1.
354 3126 383 3148 c.
409 3117 480 3149 417.
