2099 3516
407 259 475 294 690
874 255 1078 291 LITTERAE
1105 253 1448 298 QUADRIMESTRES

360 388 471 428 quas
501 375 600 427 ipsi,
633 387 714 414 suo
744 376 889 413 tamen
920 372 1112 421 nomine,
1146 371 1422 422 principibus
1451 372 1493 410 et
1526 371 1887 422 eleemosynarijS
1916 371 1978 411 of-

362 442 472 481 ferre
502 440 695 491 possint:
741 438 850 489 quin
895 437 1145 487 frequenter
1173 448 1198 475 a
1227 435 1357 475 nobis
1400 436 1532 475 etiam
1575 435 1878 486 eleemosynae
1909 447 1978 486 pe-

360 507 529 553 tuntur,
562 505 675 544 vnde
718 502 931 542 studiosis
977 500 1243 551 pauperibus
1282 500 1400 547 libri,
1432 501 1688 550 caeteraque
1731 499 1979 539 necessaria

360 572 630 616 coemantur,
663 570 711 608 ut
739 580 789 607 eo
819 566 994 605 facilius
1023 565 1078 604 ad
1107 566 1269 604 bonam
1312 565 1480 615 frugem
1515 566 1680 615 queant
1708 564 1974 614 promoueri.

440 635 476 674 7.
510 634 658 684 Neque
683 633 797 671 hanc
817 631 1168 682 qualemcunque
1190 629 1374 668 fratrum
1395 631 1647 668 nostrorum
1683 628 1976 678 diligentiam,

361 700 479 739 Deus
507 699 640 738 etiam
670 695 900 747 temporali
932 694 1127 734 mercede
1156 705 1246 733 non
1277 694 1389 739 uult,
1422 695 1469 732 ut
1499 695 1694 744 apparet,
1723 692 1978 732 destitutam

361 776 470 803 esse.
504 762 612 802 Nam
643 761 681 800 si
711 760 812 811 quis
858 761 1020 807 noster,
1052 758 1380 809 quantumlibet
1421 757 1610 808 exiguus
1639 757 1766 797 fauor
1795 756 1842 796 in
1872 768 1979 807 pau-

363 839 486 879 peres
514 827 687 873 existat,
719 827 832 865 certe
876 823 1117 862 maximum
1148 822 1222 862 ille
1266 822 1480 869 uicissim,
1514 821 1807 860 maximorum
1841 821 1981 860 homi-

362 904 467 932 num
512 892 707 931 fauorem
751 889 880 929 nobis
909 888 1130 928 conciliat.
1164 886 1287 927 Rdissss
1327 887 1443 926 enim
1475 886 1846 936 Archiepiscopus
1886 897 1981 936 pra-

361 957 510 1008 gensis
539 959 551 980 1
582 966 712 1005 saepe
753 957 841 993 tam
873 965 918 992 re
961 953 1071 1003 ipsa,
1103 964 1234 1003 quam
1266 951 1430 999 uerbis,
1461 952 1627 1002 quanta
1670 962 1751 990 nos
1794 951 1981 989 beneuo-

362 1021 496 1061 lentia
544 1021 850 1071 prosequatur,
896 1030 984 1057 non
1027 1018 1212 1056 obscure
1254 1018 1441 1055 testatus
1483 1018 1560 1056 est.
1592 1014 1716 1055 Rfliss
1755 1015 1888 1054 etiam
1926 1014 1981 1053 ad

362 1085 404 1126 S.
435 1084 480 1125 C.
513 1085 567 1125 M.
598 1085 770 1135 legatus
799 1082 1070 1132 apostolicus
1098 1082 1113 1105 2
1144 1092 1234 1120 non
1263 1080 1408 1119 solum
1445 1079 1722 1119 familiariter
1766 1081 1808 1118 et
1845 1079 1982 1118 hono-

363 1150 481 1189 rifice
511 1149 741 1188 nobiscum
772 1148 878 1198 agIt,
911 1147 986 1186 sed
1016 1147 1149 1185 etiam
1178 1157 1268 1185 non
1298 1147 1494 1195 rogatus,
1517 1146 1760 1195 spontanea
1790 1143 1981 1194 quadam

362 1212 674 1253 beneuolentia
694 1213 816 1252 iuxta
836 1210 1226 1250 clementissimam
1248 1209 1418 1249 Summi
1449 1209 1691 1256 Pontificis,
1716 1210 1763 1248 ut
1792 1208 1979 1256 dicebat,

363 1279 637 1318 uoluntatem
667 1279 919 1316 nostrorum
962 1275 1240 1326 negotiorum
1270 1286 1450 1314 causam
1480 1273 1589 1313 satis
1632 1285 1812 1324 grauem
1842 1284 1983 1323 nuper

363 1343 409 1382 in
438 1355 484 1382 se
514 1342 689 1392 recepit,
721 1354 770 1381 ac
800 1341 842 1381 S.
876 1340 921 1380 C.
950 1340 1020 1387 M.,
1052 1339 1424 1390 serenissimoque
1455 1338 1643 1389 principi
1689 1339 1839 1377 nostro
1870 1339 1884 1360 ³
1919 1337 1983 1376 di—

362 1408 549 1459 ligenter
577 1406 920 1452 commendauit,
951 1407 993 1444 et
1023 1405 1209 1444 necdum
1239 1416 1367 1455 agere
1396 1406 1553 1451 cessat,
1584 1403 1723 1442 donec
1752 1402 1980 1449 foeliciter,

364 1472 587 1523 aspirante
630 1471 820 1518 Christo,
852 1470 1117 1521 perficiatur.
1152 1470 1270 1509 Idem
1314 1469 1366 1508 de
1410 1467 1533 1508 thiss
1572 1468 1622 1508 D.
1669 1467 1886 1516 Cromero‚
1927 1467 1982 1506 le-

364 1539 464 1588 gato
495 1537 610 1587 regis
642 1536 865 1583 Poloniae,
897 1535 950 1574 de
993 1535 1150 1574 comite
1180 1534 1373 1585 quodam
1403 1533 1446 1573 S.
1479 1532 1523 1573 C.
1556 1533 1609 1572 M.
1648 1532 1897 1581 secretario,
1929 1531 1982 1570 de

364 1602 415 1641 D.
448 1601 623 1642 Citardo
653 1603 682 1648 4,
714 1600 1022 1640 concionatore
1072 1611 1290 1646 caesareo,
1323 1598 1375 1637 de
1419 1598 1468 1638 D.
1500 1597 1751 1648 praeposito
1780 1598 1811 1643 ⁵,
1843 1596 1983 1646 deque

364 1666 517 1706 multis
549 1665 657 1705 uiris
687 1664 934 1716 magnificis
964 1664 1091 1703 facile
1121 1663 1323 1710 dixerim,
1355 1663 1431 1713 qui
1462 1675 1507 1702 se
1550 1673 1719 1713 suaque
1753 1660 1980 1712 obsequia,

363 1731 492 1770 nobis
521 1730 652 1770 etiam
690 1731 859 1780 praeter
888 1741 1063 1768 omnem
1093 1740 1230 1779 spem,
1262 1728 1391 1767 toties
1422 1730 1598 1778 tamque
1640 1726 1875 1777 diligenter
1903 1726 1980 1764 ob-

365 1796 575 1842 tulerunt,
626 1796 673 1834 ut
721 1794 834 1833 inter
885 1805 980 1832 sese
1028 1793 1353 1844 quodammodo
1402 1792 1658 1831 uiderentur
1704 1790 1980 1835 contendere,

365 1860 569 1911 quisnam
610 1859 808 1909 ipsorum
838 1858 1015 1909 negotia
1064 1860 1215 1897 nostra
1261 1858 1377 1907 apud
1408 1856 1451 1896 S.
1484 1856 1529 1896 C.
1571 1856 1625 1895 M.
1658 1857 1844 1895 tractare
1891 1866 1985 1905 pos·

365 1927 444 1973 set,
489 1925 606 1976 quod
655 1925 764 1963 forte
812 1936 901 1963 non
950 1924 1203 1974 ignorarent
1252 1922 1363 1962 illud.
1411 1921 1674 1973 obsequium
1721 1923 1763 1960 et
1805 1921 1896 1959 Deo
1942 1921 1983 1959 et

366 1989 408 2029 S.
441 1989 486 2029 C.
519 1990 573 2029 M.
606 1997 624 2015 θ’
646 2001 779 2039 quam
809 1988 1112 2040 gratissimum
1143 1989 1247 2027 fore.
1295 1987 1478 2027 Constat
1519 1987 1637 2026 enim
1684 1986 1802 2037 quod
1838 1985 1883 2025 C.
1926 1985 1981 2025 M.

365 2066 455 2094 non
484 2066 703 2105 propenso
746 2056 932 2100 tantum,
965 2053 1040 2092 sed
1071 2055 1113 2092 et
1142 2055 1325 2103 paterno
1356 2064 1537 2103 prorsus
1566 2052 1727 2091 affectu
1756 2062 1839 2090 nos
1867 2062 1983 2090 com-

366 2119 595 2169 plectatur,
628 2121 757 2166 amet,
790 2120 952 2163 foueat,
985 2118 1274 2165 commendet,
1306 2117 1546 2168 audiatque
1581 2117 1770 2156 libenter
1797 2116 1853 2154 ab
1882 2115 1984 2165 alijs

365 2183 677 2223 commendari.
723 2184 926 2223 Breuitas
968 2183 1214 2222 litterarum
1260 2194 1349 2221 non
1394 2182 1573 2232 patitur,
1606 2183 1655 2221 ut
1696 2181 1768 2220 hic
1814 2180 1983 2230 aliquid

366 2248 557 2288 inseram
587 2249 639 2288 de
682 2248 887 2288 sereniss.
935 2248 1170 2287 archiduce
1200 2249 1351 2286 nostro
1388 2246 1680 2292 Ferdinando,
1722 2245 1814 2296 qui,
1848 2247 1895 2284 ut
1938 2244 1984 2283 in

366 2313 469 2364 alijS
499 2313 758 2360 uirtutibus,
791 2313 852 2352 ita
882 2313 927 2351 in
958 2313 1040 2351 hac
1065 2312 1196 2351 etiam
1229 2314 1349 2362 parte
1379 2311 1705 2351 studiosissime
1736 2309 1984 2360 pijssimum

430 2520 449 2539 a
469 2514 505 2545 et
528 2512 563 2545 S.
589 2512 625 2545 C.
651 2512 695 2544 M.
720 2512 765 2543 in
791 2521 918 2553 marg.

429 2704 439 2721 ¹
464 2702 650 2734 Antonius
673 2702 768 2733 Brus
791 2702 835 2734 de
858 2701 1022 2743 MuglitZ,
1047 2701 1151 2742 prius
1175 2702 1370 2742 episcopus
1394 2700 1621 2733 viennensis.

429 2755 441 2772 2
466 2754 532 2786 Per
557 2754 593 2786 id
617 2755 763 2795 tenipus
786 2755 864 2786 erat
888 2753 1087 2785 Zacharias
1112 2753 1262 2792 Delfino,
1287 2763 1363 2794 eps.
1389 2753 1597 2794 pharensis.
1623 2751 1674 2785 Cf.
1700 2751 1884 2783 BIAUDET:
1909 2750 1985 2782 Les

367 2807 633 2839 Nonoiatuoes
650 2808 940 2847 permanentes,
973 2806 1120 2838 263-264.

428 2862 441 2880 ·‘³
462 2860 623 2892 Indicari
647 2860 794 2892 videtur
816 2860 882 2891 aut
907 2859 1194 2899 Maximilianus,
1220 2861 1285 2891 aut
1308 2860 1574 2899 Ferdinandus,
1600 2857 1833 2900 imperatoris
1871 2856 1982 2896 filius,

367 2912 432 2953 qui
457 2912 670 2944 Bohemiam
694 2912 937 2953 gubernabat.

430 2966 442 2984 ⁴
465 2965 501 2997 P.
527 2965 703 2997 Matthias
727 2964 927 2997 Cithardus
950 2965 1189 3006 (Cythardus)
1212 2966 1252 2998 O.
1278 2965 1314 2997 P.

431 3019 443 3036 ⁵
464 3018 647 3050 Heni-icus
675 3017 903 3050 Scribonius
