2099 3516
523 278 603 315 608.
631 300 673 304 —
704 279 844 316 PRAGA
872 280 894 314 2
921 279 1113 317 IANUARH
1142 279 1232 315 15602
1587 279 1658 314 685

77 396 248 448 pientes
276 408 409 448 quam
440 397 595 436 suauis
625 398 683 437 sit
712 398 931 438 Dominus
961 401 989 446 1,
1022 398 1204 438 assidua
1232 398 1425 449 quadam
1453 397 1703 448 interpella-

77 461 196 501 tione
225 461 398 501 easdem
431 462 741 512 expetiuerunt
770 463 1094 502 meditationes.
1119 463 1419 503 Veruntamen
1449 461 1493 500 id
1524 473 1703 512 possum

76 525 294 565 affirmare
322 526 376 565 de
404 526 628 570 omnibus.
661 528 779 578 quod
824 528 870 566 in
916 528 1130 578 petendis,
1162 526 1511 578 peragendisque
1554 526 1704 577 poeni-

76 590 229 642 tentijs
250 590 319 630 ‘ita
349 591 600 642 frequentes
630 594 671 631 et
701 593 868 632 alacres
890 593 1105 632 hactenus
1126 591 1366 639 extiterint,
1389 593 1431 630 et
1460 591 1704 630 etiamnum

75 656 287 702 existunt,
333 656 417 695 hoc
459 667 585 695 sacro
630 658 936 706 praesertim'ss
970 658 1192 697 aduentus
1235 659 1445 707 tempore,
1488 657 1537 696 ut
1580 656 1704 695 freno

76 720 239 772 potius,
270 733 405 772 quam
434 720 617 760 stimulo
649 722 886 761 uideantur
916 722 1128 773 indigere.
1161 721 1312 773 Neque
1355 721 1474 760 enim
1504 721 1704 760 satisfac-

74 785 220 825 tiones
248 797 327 836 pro
357 785 452 825 suis
481 785 706 825 erroribus
736 786 965 826 humiliter
994 799 1043 826 ac
1073 788 1229 837 sponte
1273 786 1438 832 subire,
1471 786 1542 825 uel
1571 786 1704 825 etiam

74 852 254 890 externa
285 850 444 901 piaque
474 850 652 901 negotia
682 852 887 900 precibus
917 852 1112 891 assiduis
1138 852 1228 891 Deo
1258 851 1566 890 commendare
1595 851 1706 890 satis

74 926 170 954 esse
199 915 382 962 ducunt,
414 914 523 966 quin
568 915 751 965 insuper
794 916 969 955 uicibus
1013 918 1161 956 tamen
1206 916 1413 964 diuersis,
1446 927 1525 966 pro
1560 915 1704 955 foelici

74 979 245 1020 Galliae
275 982 409 1028 statu,
443 992 521 1030 pro
565 981 682 1019 bono
725 981 902 1031 concilij
947 993 1172 1027 successu,
1205 993 1284 1032 pro
1329 980 1635 1020 incolumitate
1664 982 1707 1020 et

75 1045 250 1096 magnis
279 1046 330 1086 R.
362 1045 410 1085 P.
443 1045 494 1085 V.
527 1057 577 1084 ac
608 1045 658 1084 R.
694 1046 740 1086 P.
776 1046 1074 1085 Prouincialis
1103 1048 1117 1070 Β
1149 1046 1340 1097 negotijs
1376 1057 1426 1085 ac
1461 1046 1704 1097 laboribus,

74 1111 129 1150 ad
159 1110 434 1162 disciplinas,
465 1110 626 1157 cilicia,
660 1111 842 1158 ieiunia,
877 1123 1025 1162 preces
1057 1112 1411 1162 poenitentialeS,
1448 1113 1490 1151 et
1519 1111 1706 1163 quaeuis

74 1175 163 1215 alia
191 1176 369 1227 pietatis
398 1188 533 1227 opera
575 1188 671 1215 sese
710 1176 962 1227 frequenter
1004 1177 1210 1216 offerunt.
1245 1177 1375 1216 Hunc
1416 1176 1591 1228 collegij
1623 1176 1705 1216 fer-

74 1252 226 1280 uorem
257 1241 308 1280 R.
342 1241 389 1280 P.
414 1241 623 1292 Lanoyus
644 1253 733 1280 non
756 1241 1035 1280 mediocriter
1058 1242 1279 1292 promouit
1299 1244 1341 1281 et
1363 1242 1504 1290 auxit,
1527 1242 1706 1293 quando

75 1317 217 1357 nuper
245 1318 297 1345 ex
340 1306 513 1345 itinere.
541 1306 628 1345 huc
672 1306 914 1353 diuertens‚
949 1318 1029 1345 nos
1072 1307 1143 1357 pie
1185 1307 1505 1355 consolaretur,
1537 1319 1586 1346 ac
1615 1309 1705 1346 tam

76 1371 397 1422 frequentibus,
429 1383 561 1422 quan]
594 1371 816 1422 religiosis
837 1371 1225 1411 exhortationibus
1256 1372 1302 1411 in
1337 1371 1562 1420 omnibus,
1593 1383 1707 1423 quae

74 1438 252 1475 nostrae
295 1438 401 1475 sunt
444 1435 709 1482 uocationis,
742 1436 1035 1475 confirmaret.
1074 1435 1303 1476 Caeterum
1347 1438 1395 1476 ut
1438 1436 1707 1476 aduersitate

73 1501 335 1551 consolatio,
368 1513 419 1540 ac
450 1501 566 1540 risus
608 1501 760 1540 dolore
803 1501 915 1540 solet
951 1501 1139 1548 misceri,
1172 1501 1233 1541 ita
1276 1501 1521 1541 discessum
1562 1502 1708 1542 Patris

74 1566 230 1618 Lanoij
276 1566 348 1617 pia
397 1578 515 1605 mors
560 1566 704 1605 Patris
748 1566 892 1606 Lucae
922 1568 935 1589 3
966 1567 1115 1605 statim
1159 1568 1396 1606 consecuta
1439 1568 1518 1606 est.
1569 1566 1707 1607 Cuius

73 1643 235 1682 corpus
267 1643 343 1683 pro
372 1643 492 1671 more
509 1631 741 1671 Societatis
771 1632 944 1675 deuote.
976 1644 1056 1671 nec
1077 1632 1244 1683 absque
1279 1644 1439 1683 magna
1469 1632 1709 1683 discipulo-

74 1709 171 1737 rum
192 1699 235 1736 et
254 1699 563 1736 extraneorum
585 1697 817 1736 hominum
839 1698 983 1738 turba.
1002 1699 1044 1736 et
1064 1697 1369 1736 aedificatione
1385 1697 1606 1748 sepultum
1625 1699 1704 1738 est.

152 1762 191 1802 2.
224 1762 385 1802 Paucis
414 1761 520 1801 hinc
550 1762 793 1801 interiectis
823 1762 996 1803 diebus.
1031 1763 1080 1801 R.
1117 1762 1162 1801 P.
1198 1762 1366 1802 Paulus
1397 1765 1427 1812 4,
1460 1762 1596 1802 huius
1625 1763 1709 1802 col·

74 1827 177 1879 legij
222 1829 377 1874 rector,
409 1839 443 1868 s.
474 1827 753 1866 obedientiae
793 1827 934 1866 literis
980 1827 1198 1866 Viennam
1243 1829 1455 1867 euocatus
1497 1829 1577 1867 est.
1610 1827 1707 1878 Quo

75 1892 335 1944 priusquam
365 1892 674 1939 se'conferret,
706 1892 911 1943 singulos
943 1892 1095 1931 Patres
1125 1895 1167 1931 et
1195 1892 1213 1917 b
1236 1894 1393 1932 fratres
1424 1893 1704 1941 exosculans,

74 1969 164 1997 non
194 1958 291 1997 sine
321 1958 475 1998 multis
504 1958 746 2009 lachrymis
776 1959 831 1996 ab
862 1958 1073 1997 omnibus
1109 1958 1568 2009 collachrymantibus
1601 1958 1707 2010 filijs

74 2023 184 2071 suis,
217 2023 396 2063 ueniam
440 2023 670 2063 humiliter
712 2023 885 2074 petiuit.
934 2023 1073 2069 Vnde,
1125 2023 1328 2062 mirabile
1371 2023 1507 2071 dictu,
1539 2026 1708 2075 quanto

74 2088 293 2128 fraternae
322 2089 589 2135 dilectionis,
622 2089 892 2128 humilitatis
923 2091 964 2128 et
995 2089 1229 2139 religiosae
1272 2088 1450 2139 pietatis
1488 2088 1708 2129 desiderio

73 2155 325 2193 nostrorum
357 2153 496 2193 animi
518 2154 684 2193 fuerint
713 2154 990 2194 inflammati.
1014 2153 1110 2193 Non
1131 2153 1248 2193 enim
1272 2154 1344 2193 hic
1364 2153 1434 2204 pie
1455 2153 1672 2194 duntaxat
1692 2162 1708 2181 0

74 2218 417 2267 admonitiones,
453 2220 530 2259 aut
559 2219 697 2258 uerba
721 2219 1034 2266 consolatoria,
1071 2219 1147 2257 sed
1177 2218 1309 2258 etiam
1342 2218 1447 2258 uiua
1489 2219 1707 2269 quaedam

74 2282 291 2323 uirtutum
321 2283 487 2335 effigies
516 2283 737 2334 apparuit,
756 2296 843 2334 qua
874 2286 915 2323 et
947 2286 1178 2334 paternum
1209 2283 1408 2322 animum
1438 2285 1480 2322 et
1501 2283 1705 2323 affectum

73 2348 320 2388 luculenter
360 2350 564 2397 testatus,
597 2349 661 2388 sic
694 2360 848 2388 omnes
897 2348 1137 2399 plurimum
1182 2348 1227 2387 in
1259 2348 1341 2387 hac
1385 2350 1537 2387 nostra
1579 2360 1708 2388 uoca-

74 2413 194 2453 tione
223 2414 519 2454 confirmauit.

136 2641 154 2660 a
174 2633 393 2674 praesertim
418 2633 463 2665 in
485 2633 578 2666 add.
604 2634 650 2666 in
672 2643 801 2675 wargy.
828 2654 865 2656 —
890 2634 907 2661 b
928 2635 965 2666 et
988 2644 1112 2675 supra
1138 2643 1239 2666 vers.
1258 2653 1297 2656 —
1321 2644 1335 2660 u
1355 2633 1548 2666 dundaxat
1571 2643 1643 2667 ms.

139 2848 150 2866 ¹
173 2847 225 2880 Cf.
254 2847 313 2880 Ps.
337 2847 502 2887 XXXIII,
527 2848 558 2880 9.

137 2902 150 2920 ²
172 2900 210 2934 P.
236 2901 368 2934 Petrus
392 2901 581 2934 Canisius.

137 2956 149 2974 ³
171 2954 208 2987 P.
234 2955 353 2987 Lucas
376 2955 532 2987 Molitor.
556 2954 607 2987 Cf.
632 2955 778 2987 Laim'z·
800 2955 974 2989 Monam.
1000 2956 1060 2996 VI,
1085 2956 1109 2988 l.
1135 2965 1164 2989 c.

137 3008 149 3026 ⁴
171 3008 208 3039 P.
234 3008 372 3041 Paulus
395 3008 569 3041 Hoffaeus
603 3008 740 3040 missus
764 3010 821 3041 est
845 3009 1026 3041 Viennam
1051 3010 1170 3041 rector
1199 3009 1358 3050 collegii.
1383 3009 1435 3041 Cf.
1460 3009 1605 3041 Laim‘i
1630 3010 1707 3042 Mo-

75 3069 185 3094 num.
210 3061 270 3101 VI,
296 3062 368 3095 106.
