2099 3516
433 262 502 298 578
905 262 1109 299 er'rssRAE
1145 262 1489 306 QUADRIMESTRES

387 380 505 432 gulis
534 392 725 431 namque
753 380 910 419 diebus
940 383 1081 430 preter
1109 381 1287 429 excepta
1316 378 1478 418 dictata
1509 379 1659 418 crebra
1688 379 1774 418 sibi
1804 379 2001 419 certatim

387 445 623 485 schedulas
666 445 902 491 missitant,
947 445 1110 495 quibus
1154 444 1282 493 plane
1326 445 1418 482 tum
1449 444 1504 482 ad
1534 443 1788 492 literariam,
1819 455 1918 483 cum
1948 444 2003 483 ad

387 510 675 549 christianam
719 509 922 548 militiam
968 509 1187 559 igniculos
1231 508 1483 547 admouent.
1532 508 1593 546 Ex
1622 508 1860 547 didascalis
1890 520 2004 547 vnus

389 575 497 613 mihi
530 574 808 613 renunciauit
840 584 948 623 pene
977 585 1144 619 omnes,
1191 584 1303 622 quos
1346 572 1536 611 habebat
1579 572 1836 623 discipulos,
1869 572 2000 611 vitam

388 641 587 690 expetere
618 638 921 685 monasticam,
954 638 1024 677 cui
1055 637 1233 687 quidam
1274 648 1368 675 sese
1407 637 1490 676 hoc
1528 637 1872 676 intermissionis
1901 638 2005 676 tem-

388 716 492 755 pore
521 704 674 743 adixit.
707 703 836 742 Prius
866 705 1011 741 tamen
1037 714 1169 752 quam
1193 702 1299 740 haec
1320 702 1546 741 literarum
1570 701 1847 752 intercapedo
1867 701 2003 749 fieret,

389 769 593 808 nonnulli
624 780 674 807 ex
705 767 950 807 scolasticis
979 767 1066 805 duo
1096 767 1334 805 actitauere
1362 766 1599 817 colloquia,
1631 778 1819 817 quorum
1849 768 1891 805 et
1920 766 2004 817 ipsi

389 834 597 873 authores
626 833 819 871 extitere.
853 831 1081 871 Collubuit.
1123 843 1254 881 quam
1302 831 1539 881 plurimum
1584 831 1773 870 actionis
1811 831 1933 882 lepor
1965 833 2006 870 et

390 901 599 938 venustas
628 898 761 937 simul
791 900 832 936 et
864 897 1059 938 materia.
1093 907 1263 935 necnon
1294 898 1519 935 seruatum
1555 896 1754 946 apposite
1783 896 2004 943 decorum,

388 965 428 1003 et
458 962 672 1002 orationis
702 973 927 1001 numerus.
961 961 1088 1000 Pueri
1112 960 1187 1011 qui
1220 960 1361 1011 legere
1392 962 1431 999 et
1462 960 1652 999 scribere
1690 960 1880 1006 discunt,
1912 961 2006 999 tum

389 1028 520 1067 etiam
551 1027 750 1066 doctrina
779 1026 1023 1065 christiana
1043 1025 1330 1071 imbuuntur;
1372 1024 1516 1064 affluit
1536 1026 1828 1064 trecentorum
1860 1025 2006 1064 multi-

390 1092 510 1132 tudo.
543 1091 716 1141 Quanta
746 1091 803 1130 sit
834 1090 903 1129 bis
936 1102 1102 1128 morum
1136 1089 1382 1140 integritas,
1415 1101 1546 1139 quam
1578 1089 1765 1128 candida
1796 1101 1934 1136 menS,
1966 1092 2008 1129 et

389 1157 445 1196 ad
474 1157 641 1207 optima
670 1167 869 1206 quaeque
914 1156 1142 1205 praecepta
1187 1154 1441 1192 imbibenda
1486 1156 1652 1204 parata,
1697 1154 1798 1205 quis
1827 1166 1917 1193 non
1948 1154 2008 1193 vi-

390 1221 518 1260 deat?
548 1221 739 1260 Verbum
770 1220 984 1266 ociosum,
1008 1221 1083 1258 aut
1104 1219 1271 1268 alioqui
1295 1230 1382 1257 non
1405 1219 1652 1265 honestum,
1680 1219 2005 1266 iusiurandum,

390 1285 619 1332 iniurium,
652 1297 706 1324 ne
735 1284 914 1323 auditur
943 1284 1148 1333 quidem:
1181 1295 1280 1322 cum
1305 1283 1529 1333 vapulant,
1553 1295 1642 1322 non
1671 1283 2009 1323 clamosioribus

392 1353 575 1391 vtuntur
605 1350 803 1389 vocibus.
835 1349 911 1388 sed
941 1349 1024 1387 hoc
1053 1352 1118 1387 est
1149 1349 1238 1387 illis
1268 1351 1309 1387 et
1340 1348 1683 1396 vociferationis,
1719 1350 1762 1387 et
1791 1348 1837 1387 in
1866 1348 2009 1399 queri-

392 1416 564 1455 moniae
613 1415 756 1454 locum
787 1415 861 1463 (ob
891 1413 1054 1453 Christi
1094 1424 1284 1452 amorem
1330 1413 1413 1451 hoc
1456 1412 1543 1462 fiet)
1590 1413 1778 1463 genibus
1820 1413 2009 1452 subinde

392 1481 531 1528 flexis,
563 1480 690 1531 quasi
721 1491 799 1529 pro
829 1479 988 1517 collato
1033 1490 1226 1521 munere.
1260 1478 1348 1516 Deo
1379 1477 1544 1528 gratias
1586 1477 1764 1517 habent.
1810 1477 2010 1529 Singulis

393 1545 628 1584 dominicis
664 1556 713 1583 ac
748 1543 916 1582 feriatis
956 1543 1113 1582 diebus
1157 1542 1429 1593 elementarij
1476 1541 1599 1592 pueri
1642 1554 1732 1581 una
1773 1554 1872 1582 cum
1916 1542 2011 1582 suis

391 1609 631 1661 magistris,
663 1609 755 1647 bini
786 1608 971 1654 terniue,
995 1620 1046 1646 ex
1067 1607 1221 1646 ordine
1259 1606 1510 1653 coadunati,
1534 1606 1780 1645 doctrinam
1809 1606 2011 1646 christia-

392 1687 491 1714 nam
527 1686 600 1725 per
640 1673 733 1712 vias
775 1672 991 1723 publicas,
1040 1673 1274 1721 praeeunte
1316 1671 1459 1710 crucis
1502 1671 1678 1718 vexillo,
1727 1671 2009 1711 modulatiori

393 1751 497 1778 voce
526 1739 744 1777 intonant.
778 1737 860 1776 Vbi
891 1737 945 1775 ad
976 1738 1247 1786 frequentem
1292 1735 1485 1786 aliquem
1529 1735 1673 1774 locum
1713 1735 2008 1786 peruenerint‚

393 1806 445 1844 de
474 1804 666 1855 singulis
696 1803 921 1842 doctrinae
951 1801 1247 1852 interrogatis.
1281 1813 1395 1839 vnus
1424 1803 1498 1840 aut
1538 1801 1648 1840 alter
1690 1801 1900 1852 magistro
1930 1801 2010 1840 sci-

394 1869 570 1909 scitanti
599 1876 615 1894 2¹
656 1868 870 1907 rationem
906 1867 1061 1905 reddit.
1108 1866 1393 1905 Postmodum
1439 1866 1508 1905 Pr.
1555 1868 1695 1905 rector
1735 1866 2011 1905 concendens

393 1934 558 1985 aliquo,
602 1932 873 1972 dominicum
919 1943 1066 1970 semen
1111 1932 1223 1969 bona
1268 1942 1365 1969 cum
1398 1929 1416 1955 ¹)
1447 1930 1724 1969 audientium
1770 1930 1893 1981 fruge
1931 1930 2010 1969 dif-

395 1999 555 2039 fundit.

472 2064 510 2104 6.
544 2064 661 2102 Haec
690 2064 809 2109 sunt,
844 2061 1097 2100 Reuerende
1128 2061 1269 2107 Pater,
1302 2072 1414 2111 quae
1446 2060 1644 2111 proximo
1684 2060 1882 2100 semestri
1915 2059 2009 2112 [sic]

394 2141 470 2180 per
499 2129 576 2168 Dei
608 2128 794 2179 gratiam
823 2139 875 2166 ex
906 2127 987 2165 hoc
1023 2126 1248 2164 Montillae
1288 2126 1474 2176 collegio
1520 2126 1731 2176 prodiere.
1778 2125 1862 2165 Sed
1904 2125 2010 2176 quid

394 2195 501 2233 haec
530 2193 679 2233 omnia
710 2204 811 2242 prae
842 2192 931 2230 illis
961 2202 1073 2241 quae
1102 2203 1154 2229 ex
1185 2190 1298 2229 Vrbe
1329 2190 1458 2229 nobis
1483 2190 1780 2237 innotescunt,
1812 2202 2012 2241 quaeque

395 2259 558 2298 ibidem
597 2257 878 2307 omnipotens
925 2256 1038 2294 Deus
1068 2267 1144 2305 per
1173 2255 1405 2294 Societatis
1450 2255 1746 2294 ministerium
1789 2257 2008 2306 operatur,

395 2324 518 2375 quid,
551 2323 749 2373 inquam,
782 2322 889 2360 haec
927 2332 1026 2359 cum
1070 2320 1141 2358 his
1183 2331 1295 2370 quae
1339 2320 1502 2371 Bilonij
1549 2320 1658 2371 [sic],
1705 2320 1884 2371 Pragae,
1930 2319 2013 2358 En-

396 2387 602 2439 golstadij
634 2389 675 2425 et
704 2386 892 2425 aliorum
937 2385 1223 2435 collegiorum
1263 2396 1312 2423 ac
1348 2384 1683 2423 Prouinciarum
1726 2384 1865 2423 literis
1907 2384 2013 2423 refe-

396 2453 587 2492 runtur?
617 2451 737 2490 Licet
765 2450 881 2489 enim
915 2461 1099 2500 paruum
1130 2449 1187 2488 sit
1216 2449 1427 2499 oppidum
1454 2449 1653 2488 Montilla
1680 2449 1815 2488 tantis
1844 2460 1894 2488 ac
1922 2451 2012 2488 tam

396 2516 625 2568 populosis
657 2517 717 2566 (ut
750 2515 810 2554 ita
840 2514 1041 2564 dixerim)
1064 2513 1322 2553 ciuitatibus
1343 2514 1568 2561 collatum,
1591 2525 1641 2553 ac
1667 2514 1849 2564 proinde
1876 2514 2013 2565 quod—

396 2582 463 2621 vis
492 2593 604 2632 opus
635 2581 796 2620 bonum
830 2579 970 2629 magis
1000 2590 1094 2617 sese
1127 2585 1139 2603 ⁰
1173 2578 1244 2617 bic
1274 2580 1464 2617 ostentet
1484 2579 1539 2618 ad
1567 2578 1867 2629 proximorum
1897 2578 2013 2618 aedi-

396 2647 661 2692 ficationem,
706 2656 837 2695 quam
882 2644 994 2683 alias
1037 2643 1249 2693 grandius
1293 2643 1339 2681 in
1383 2643 1696 2694 grandioribus
1737 2643 2010 2692 ciuitatibus,

397 2712 498 2763 quis
528 2714 673 2750 tamen
704 2709 875 2749 dubitet
906 2720 973 2747 res
1003 2708 1123 2757 ipsas
1153 2711 1299 2758 gestas
1329 2720 1407 2758 pro
1437 2708 1505 2748 sui
1536 2708 1842 2759 magnitudine
1871 2710 1911 2748 et
1940 2708 2014 2747 ad-

399 2777 629 2816 miratione
668 2774 897 2814 hominum
942 2773 1115 2812 animos
1158 2773 1339 2811 attolere
1369 2773 1423 2811 ad
1453 2784 1527 2812 eas
1555 2784 1653 2812 cum
1684 2773 1763 2812 Dei
1792 2773 2013 2812 adiutorio

397 2841 731 2892 aggrediendas,
772 2841 847 2878 aut
890 2838 1037 2877 saltim
1082 2837 1340 2875 inuisendas
1383 2837 1640 2876 huiusmodi
1684 2837 1930 2888 prouintias
1963 2849 2014 2877 ac

459 3044 477 3062 a
518 3033 677 3067 Eo'newd.
702 3041 748 3066 ex
772 3029 999 3063 sciscitandi.
1026 3047 1063 3050 -
1086 3034 1105 3061 h
1128 3037 1211 3060 cum
1234 3037 1358 3069 supra
1383 3038 1484 3062 vers.
1509 3048 1546 3052 —-
1571 3039 1585 3056 c
1605 3029 1765 3063 Emend.
1789 3039 1838 3062 ecc
1859 3039 1898 3062 se
1919 3039 2011 3063 esse.
