2099 3516
572 277 653 312 495.
680 298 725 302 —
751 276 946 312 ToRNAco
972 276 1019 311 30
1044 275 1197 312 MARTII
1225 276 1312 311 1561
1642 276 1708 311 177

133 396 326 436 offerunt
357 395 568 435 dominus
616 395 811 435 decanus
839 396 882 434 et
910 394 1224 434 canonicorum
1269 393 1449 444 quidam
1493 393 1761 444 quingentos

136 462 351 508 florenos;
384 460 511 500 offert
541 449 658 500 Rdus
689 460 828 499 abbas
873 458 1023 499 Sancti
1067 458 1244 498 Martini
1289 470 1379 497 non
1422 470 1602 509 parum;
1635 458 1761 498 offert

132 526 305 577 aliquid
334 525 466 565 etiam
497 526 637 564 abbas
680 524 830 564 Sancti
860 523 1054 571 Nicolai;
1086 523 1353 574 pollicentur
1391 523 1561 574 aliquid
1591 525 1633 562 et
1662 522 1762 563 Car—

133 590 349 636 thusiani,
382 590 576 641 idipsum
598 589 864 641 pollicentur
884 588 1010 639 multj
1034 588 1109 639 alij
1133 588 1287 639 amicj;
1311 588 1502 639 denique
1529 590 1763 638 prepotens

133 659 199 695 est
229 656 308 695 hec
337 655 513 701 ciuitas,
546 655 617 694 cui
648 654 685 694 si
718 656 873 694 notum
902 656 1017 693 esset
1051 655 1251 693 nostrum
1298 653 1569 699 institutum,
1615 653 1763 703 ipsum

133 720 317 760 omnino
347 720 722 770 complecteretur.
758 718 1011 769 Cupiuisset
1034 719 1104 758 Pr.
1129 718 1427 758 Prouincialis
1449 719 1493 757 vt
1514 718 1595 757 hoc
1616 717 1761 768 ipsum

133 786 189 824 ad
220 785 270 825 V.
304 785 355 824 R.
390 785 436 824 P.
470 784 680 824 scriberet
708 784 969 834 capitulum,
1001 784 1077 823 sed
1107 784 1160 823 de
1190 783 1273 822 hoc
1303 783 1461 822 iterum
1493 783 1538 821 in
1568 782 1763 833 capitulo

136 850 403 890 mentionem
434 850 590 897 faeere,
623 861 714 889 non
746 849 920 888 videtur
950 849 1063 888 Dno.
1087 848 1263 888 Decano
1293 848 1512 899 expedire,
1544 850 1637 887 tum
1658 847 1763 898 quia

133 915 303 954 domini
324 914 527 954 canonici
551 915 765 954 haberent
794 913 965 964 aliquid
995 913 1234 953 aduersum
1254 925 1337 952 nos
1360 914 1535 963 propter
1562 913 1763 963 responsi

134 981 334 1028 nimiam,
357 991 490 1031 quam
512 991 613 1031 egre
636 979 848 1027 tulerunt,
884 979 1167 1025 dilationem;
1210 981 1302 1018 tum
1351 978 1457 1029 quia
1504 978 1587 1017 hoc
1634 990 1765 1029 nego—

133 1046 246 1085 tium
276 1045 406 1085 nobis
445 1045 629 1085 omnino
663 1044 944 1084 comiserant.
977 1044 1168 1084 Proinde
1213 1044 1260 1084 V.
1302 1044 1353 1083 R.
1387 1044 1434 1083 P.
1481 1044 1765 1083 obsecramus

134 1111 181 1150 in
228 1111 408 1150 nomine
445 1111 559 1157 Iesu,
611 1112 655 1149 vt
702 1110 798 1149 suis
844 1109 1203 1149 Tornacensibus
1245 1121 1352 1148 suae
1395 1108 1628 1149 Societatis
1679 1108 1766 1148 col-

135 1176 300 1227 legium
333 1175 489 1215 mittat.
522 1175 604 1215 Sed
638 1174 851 1225 cogitabit
882 1177 992 1213 forte
1023 1175 1072 1214 V.
1106 1175 1157 1213 R.
1183 1175 1229 1215 P.
1252 1186 1358 1214 num
1390 1186 1487 1221 nOS,
1515 1185 1591 1224 pre
1612 1173 1766 1213 multis

134 1241 237 1292 alijs
266 1241 312 1280 in
342 1240 534 1280 diuersis
565 1240 766 1291 partibus
809 1239 1004 1290 idipsum
1048 1239 1411 1290 efflagitantibus,
1456 1238 1665 1278 exaudire
1695 1238 1766 1278 de-

135 1307 264 1346 beat?
294 1305 421 1356 Quod
451 1306 487 1345 si
519 1305 628 1344 haec
658 1305 890 1344 nobiscum
922 1304 1082 1344 sentiat
1114 1312 1130 1330 «Ἰ
1168 1305 1216 1344 V.
1245 1305 1294 1344 R.
1318 1304 1384 1351 P.7
1407 1304 1499 1351 fleu
1534 1303 1576 1342 in
1609 1303 1766 1354 primis

133 1372 239 1422 quia
270 1372 350 1410 hec
378 1371 539 1410 ciuitas
571 1370 725 1410 multis
755 1370 992 1409 diuexatur
1026 1370 1259 1409 heresibus
1288 1372 1329 1409 et
1358 1368 1506 1415 sectis,
1529 1381 1553 1408 a
1584 1368 1763 1420 quibus,

134 1437 225 1476 Deo
258 1436 462 1487 propitio,
509 1447 585 1487 per
615 1447 751 1475 vnum
796 1435 1033 1486 collegium
1077 1437 1278 1474 nostrum
1324 1434 1503 1474 liberari
1548 1435 1696 1484 posset
1731 1432 1763 1472 ¹².

135 1502 302 1541 Deinde
332 1501 438 1552 quia
467 1501 545 1540 hec
576 1501 736 1540 ciuitas
766 1500 965 1540 omnium
1002 1500 1144 1551 prima
1175 1499 1437 1540 Societatem
1476 1499 1671 1546 admisit,
1704 1511 1768 1538 re-

133 1567 247 1618 cepit
278 1569 320 1606 et
349 1567 441 1606 alit.
494 1567 697 1606 Preterea
744 1566 849 1617 quia
898 1566 1117 1605 Dominus
1166 1565 1314 1616 potius
1353 1566 1399 1604 in
1442 1566 1525 1604 hac
1568 1564 1764 1609 ciuitate.

134 1644 268 1683 quam
301 1644 485 1683 vsquam
516 1631 562 1670 in
594 1631 802 1670 Flandria
833 1631 880 1670 in
910 1631 1039 1670 vinea
1061 1643 1142 1670 sua
1171 1630 1384 1681 operandi
1414 1630 1578 1670 ostium
1609 1629 1763 1680 aperit.

139 1698 363 1737 Postremo
393 1697 498 1748 quia
528 1697 608 1736 hec
639 1696 780 1747 patria
811 1695 1019 1736 Societati
1049 1697 1214 1735 multos
1258 1695 1478 1747 impertita
1510 1695 1641 1739 filios,
1674 1696 1768 1733 tan-

134 1763 233 1802 dem
265 1763 414 1813 plures
445 1762 618 1802 videtur
657 1773 809 1812 parere
839 1774 929 1801 non
960 1762 1087 1809 velle,
1120 1761 1210 1801 nisi
1242 1761 1365 1811 prius
1412 1761 1694 1800 remittantur
1724 1760 1767 1798 vt

137 1828 325 1878 pariant,
357 1827 433 1879 qui
477 1827 615 1878 geniti
659 1829 765 1866 sunt
798 1839 850 1866 ex
880 1839 944 1866 ea.
980 1827 1079 1878 Hijs
1124 1827 1299 1867 addam.
1346 1826 1465 1877 quod
1509 1838 1599 1865 11011
1643 1824 1768 1876 prius

133 1893 424 1933 occludentur
454 1893 583 1931 nobis
618 1892 953 1932 aduersantium
986 1904 1077 1939 ora,
1111 1904 1253 1943 neque
1296 1892 1428 1931 etiam
1460 1903 1540 1930 nos
1572 1903 1767 1942 vnquam

136 1961 323 2009 perfecte
353 1958 681 2009 amplexabitur
710 1958 790 1997 bec
823 1957 978 2008 patria,
1025 1958 1164 1997 donee
1207 1957 1508 2008 experimento
1551 1956 1676 2007 prius
1706 1956 1769 1995 di-

134 2024 322 2064 dicerint
351 2024 458 2075 quid
498 2023 703 2064 Christus
748 2024 871 2063 Iesus
903 2036 980 2074 per
1009 2035 1135 2063 suam
1183 2023 1444 2063 Societatem
1478 2023 1524 2062 in
1554 2023 1643 2062 11115
1674 2035 1770 2073 par-

136 2090 258 2130 tibus
300 2089 473 2140 operari
519 2089 723 2129 voluerit.
772 2089 872 2128 Ideo
903 2097 917 2115 ⁰
954 2089 1004 2128 V.
1044 2089 1094 2128 R.
1129 2089 1176 2129 P.
1210 2101 1358 2128 amore
1401 2088 1565 2128 Christi
1609 2088 1769 2127 iterum

134 2167 370 2194 exoramus
401 2155 483 2194 boc
516 2154 657 2205 primo
688 2166 787 2193 vere
817 2154 833 2180 <¹
857 2166 939 2194 nos
969 2154 1201 2194 exauditos
1231 2154 1300 2201 iri,
1333 2156 1373 2193 et
1403 2166 1535 2205 quam
1576 2154 1767 2204 primum

135 2220 502 2263 intellexerimus,
539 2219 747 2259 viaticum
771 2219 1052 2259 abundanter
1081 2220 1356 2259 remittemus
1386 2222 1413 2258 1.
1447 2218 1648 2259 Ceterum
1670 2230 1769 2258 sum

136 2285 209 2325 hic
238 2286 362 2325 solus
391 2297 492 2324 cum
522 2287 674 2324 nostro
705 2285 815 2324 fatre
847 2285 1038 2326 Iuliano.
1070 2285 1146 2336 qui
1178 2297 1347 2325 mecum
1370 2297 1422 2324 ex
1452 2285 1609 2324 Loreto
1631 2284 1767 2326 venit.

135 2353 175 2390 et
208 2350 286 2390 Dei
318 2350 530 2390 beneficio
562 2362 718 2390 sumus
748 2350 861 2399 sani,
902 2352 1128 2401 tamquam
1160 2350 1275 2389 nihil
1306 2350 1537 2397 habentes,
1569 2350 1615 2389 in
1644 2349 1770 2389 nullo

135 2418 283 2455 tamen
314 2416 582 2463 deficientes,
616 2416 730 2455 nihil
760 2429 783 2455 a
815 2428 1043 2467 quoquam
1087 2418 1285 2467 petentes
1317 2415 1512 2456 viuimus
1541 2418 1688 2455 tamen
1718 2427 1770 2454 ex

136 2481 226 2520 biis
255 2481 552 2526 eleemosinis,
584 2493 696 2532 quas
726 2482 856 2520 nobis
889 2481 1069 2521 domum
1100 2481 1256 2521 diuina
1300 2481 1587 2521 Prouidentia
1619 2480 1767 2520 mittit.

217 2546 490 2590 Salutamus,
522 2546 833 2597 amplectimus
862 2549 903 2586 et
933 2547 1189 2586 osculamur
1209 2547 1259 2586 V.
1288 2547 1337 2586 R.
1360 2547 1407 2586 P.
1431 2558 1531 2586 cum
1561 2545 1771 2585 omnibus

136 2611 231 2650 suis
263 2611 459 2651 romanis
490 2612 535 2650 in
569 2611 814 2651 visceribus
844 2611 1008 2652 Christi
1042 2612 1156 2655 Iesu.
1198 2624 1327 2663 quem
1365 2611 1661 2662 deprecemini
1693 2622 1770 2661 pro

201 2791 216 2809 a
239 2783 401 2815 Ememl.
427 2792 474 2815 ex
510 2783 664 2815 sensiat.
690 2802 728 2805 ——
754 2784 771 2809 b
791 2784 916 2824 posset
955 2792 1080 2824 supra
1122 2792 1221 2815 vers.
1253 2802 1292 2805 ——
1316 2794 1330 2810 c
1351 2783 1434 2815 Del.
1476 2783 1622 2815 iterum.
1648 2801 1686 2804 —
1709 2782 1726 2808 d
1748 2782 1771 2814 -3

143 2844 201 2868 cc.
223 2845 357 2877 praec.
382 2845 506 2877 supra
543 2845 642 2869 vers.

202 3011 210 3027 ¹
235 3008 389 3041 Scholae
413 3009 559 3050 collegii
583 3008 829 3041 Tornacensis
856 3018 955 3041 anno
979 3010 1059 3041 1562
1084 3010 1237 3041 initium
1262 3009 1487 3042 habuerunt.
1513 3008 1605 3041 Vide
1628 3008 1773 3041 Lcm'm'z?

138 3061 314 3094 Monam.
339 3061 400 3101 VI,
424 3062 496 3101 339,
521 3062 603 3101 340;
629 3062 671 3094 A.
697 3062 897 3102 Poxcmm,
922 3062 945 3094 l.
970 3071 1001 3094 c.

212 3150 372 3178 mmm:
392 3150 670 3184 ananfflsmns.
693 3167 724 3170 fl
745 3150 824 3178 Tou.
846 3150 901 3177 vll
1670 3152 1703 3178 1-2.
