2099 3516
383 228 456 264 340
862 228 1066 265 LITTERAE
1094 230 1437 274 QUADfflMEs'rRES

335 345 590 389 celebrauit.
621 346 843 397 semelque
863 346 909 385 in
929 347 1235 386 anniuersaria
1266 347 1335 386 die
1365 348 1710 388 consecrationis
1738 350 1953 400 ejusdem,

336 422 467 461 quam
499 410 592 461 ipse
621 411 771 461 elapso
801 423 919 449 anno
948 412 1207 451 confecerat.
1255 412 1356 450 Alio
1385 412 1517 451 etiam
1547 412 1618 452 die
1648 414 1772 463 festo,
1806 414 1957 453 Abbas

335 474 515 524 quidam
545 486 596 513 ex
628 474 850 525 primarijs
879 474 1014 525 hujus
1044 475 1168 525 regni
1198 477 1209 498 ¹
1241 475 1316 526 qui
1347 477 1388 514 et
1417 487 1498 514 nos
1527 476 1688 527 diligit,
1712 489 1885 516 sacrum
1907 478 1952 517 in

336 539 499 589 templo
529 541 679 577 nostro
722 539 964 577 solenniter
993 539 1106 578 fecit.
1156 540 1198 578 Is
1227 552 1325 579 cum
1360 540 1485 579 Patre
1529 540 1710 579 Rectore
1740 541 1956 581 instanter

335 605 439 655 egit,
472 606 516 643 vt
545 604 631 642 sibi
669 604 757 643 duo
786 616 839 643 ex
868 604 1076 643 Patribus
1118 604 1329 644 darentur
1372 605 1422 643 ad
1458 606 1636 644 verbum
1679 606 1757 645 Dei
1788 607 1956 656 praedi-

335 669 524 709 candum
555 670 597 707 et
616 668 904 707 christianam
934 669 1203 708 edocendum
1235 669 1479 708 doctrinam
1501 669 1547 708 in
1568 670 1745 720 populis
1773 671 1957 710 ditionis

337 733 493 784 ipsius,
525 733 601 783 qui
632 732 677 771 in
722 733 945 771 montanis
974 732 1048 771 siti
1078 735 1196 780 sunt,
1229 735 1270 772 et
1300 744 1407 783 gens
1443 733 1518 772 illa
1549 734 1726 783 quidem
1758 735 1956 785 indigen-

336 797 507 836 tissima
538 808 687 835 sacrae
716 796 942 835 doctrinae
971 808 1066 836 esse
1095 797 1391 847 cognoscitur,
1423 799 1463 836 et
1494 797 1623 836 Pater
1656 798 1813 837 Rector
1842 799 1956 837 votis

335 861 460 900 illius
501 861 689 900 libenter
718 861 890 907 annuit,
936 872 1036 900 cum
1080 861 1302 911 intelligat
1346 862 1525 901 Patrum
1571 862 1827 902 missionem
1865 863 1955 902 Deo

336 925 435 976 Opt.
470 926 580 965 Max.
614 925 910 976 gratissimam
941 937 1037 965 esse
1068 926 1276 965 futuram.

418 991 481 1029 15.
515 989 606 1029 Sub
638 990 760 1029 festis
790 990 1076 1040 paschalibus
1109 993 1208 1029 vota
1239 993 1390 1029 nostra
1410 991 1555 1030 solitis
1584 994 1625 1030 et
1653 991 1954 1031 consolatione

333 1056 377 1093 et
420 1054 550 1093 modo
592 1054 924 1101 renouauimus,
972 1056 1205 1104 postquam
1254 1066 1408 1093 omnes
1469 1055 1715 1105 generalem
1772 1066 1953 1094 suorum

334 1121 611 1169 peccatorum
641 1118 963 1158 confessionem
993 1119 1329 1169 praemiserunt.
1375 1118 1556 1170 [Preces
1580 1119 1819 1171 postulatJ.
1853 1119 1954 1159 Cae-

333 1185 624 1234 saraugustae
656 1183 704 1221 14
733 1183 886 1222 Kalen.
917 1183 1038 1233 Junij
1072 1195 1143 1222 an.
1180 1183 1295 1222 1561.
1329 1183 1379 1223 R.
1414 1184 1461 1223 P.
1494 1183 1542 1223 T.
1577 1184 1698 1223 filius
1726 1186 1768 1223 et
1797 1195 1954 1224 seruus

334 1248 379 1287 in
411 1247 600 1288 Christo.
634 1248 695 1286 Ex
725 1248 1035 1287 commissione
1066 1248 1210 1287 Patris
1242 1248 1431 1287 Romani
1462 1248 1674 1288 Rectoris.

1639 1320 1645 1337 i

439 1373 737 1412 Desideratur
765 1373 1014 1422 inscriptio.
1431 1345 1717 1412 HIERONn‘mS
1748 1372 1840 1412 Ros
1869 1374 1897 1412 ².

1090 1587 1200 1637 532

705 1728 998 1778 ΙΟΑΝΝΕΞ
1047 1728 1315 1777 PAULUS
1364 1727 1578 1778 OLIVA

875 1852 1048 1877 PssnuslA
1073 1841 1119 1876 023
1146 1852 1236 1877 MAH
1270 1842 1355 1877 1561
1385 1842 1411 1877 ³.

330 1971 370 2005 1.
401 1964 632 2004 Sociorum
661 1974 892 2001 numerus.
927 1961 1188 2000 Scholastica·
1216 1963 1264 1999 in
1306 1962 1468 2000 litteris
1498 1963 1535 2000 et
1563 1963 1724 2011 pietate
1747 1975 1953 2013 progyres-

439 2042 518 2068 sus
546 2029 731 2078 faciunt.
765 2049 814 2053 -—
845 2030 887 2064 2.
920 2026 1175 2065 Sacerdotes
1205 2027 1516 2071 contionando,
1549 2028 1844 2076 confessiones
1874 2041 1951 2067 au-

440 2094 612 2139 diendo,
659 2093 850 2141 aliisque
895 2091 1118 2129 laboribus
1148 2104 1237 2129 non
1280 2092 1580 2141 spernendum
1609 2092 1808 2140 fructum
1837 2094 1953 2132 colli-

437 2160 563 2209 9unt.
589 2158 698 2196 Odia
717 2157 1084 2205 eocstingyuuntur.
1108 2157 1268 2205 Inopes
1290 2156 1582 2194 adiavcmtur.
1605 2157 1876 2206 Desperatus
1897 2159 1953 2196 ad

432 2235 587 2273 pacem
617 2222 743 2260 redit.
774 2243 823 2247 —
854 2225 894 2259 3.
925 2221 1157 2259 Excursus
1188 2220 1244 2258 ad
1273 2222 1421 2258 vicina
1453 2221 1561 2258 loca.
1597 2221 1772 2259 Parum
1800 2222 1952 2260 hones-

440 2289 508 2327 tae
549 2287 812 2325 saltationes
855 2286 1177 2334 impedmntur.
1224 2286 1398 2323 Detenti
1436 2287 1484 2323 in
1523 2286 1737 2324 custodiis
1762 2286 1952 2335 publicis

420 2346 742 2391 sublevantur.
790 2352 841 2389 P.
874 2351 1031 2388 Rector
1060 2352 1107 2388 in
1153 2352 1384 2399 viiyinuvn
1414 2350 1629 2389 coenobiis
1667 2352 1953 2390 contionatur

438 2419 476 2457 et
507 2418 801 2466 confessiones
832 2416 971 2454 audit.
999 2437 1042 2440 —
1063 2419 1106 2453 4.
1133 2414 1255 2453 Cives
1277 2415 1647 2453 benevolentiores
1676 2427 1782 2465 crya
1811 2418 1952 2455 socios

437 2483 586 2531 effecti.
631 2482 875 2530 Episcopus
918 2482 966 2518 in
1010 2480 1194 2518 dioecesi
1232 2480 1462 2518 »visitanda
1500 2481 1538 2518 et
1583 2480 1755 2518 clericis
1783 2483 1950 2520 exami-

436 2547 603 2586 nandis
631 2547 790 2584 Patris
818 2546 1018 2583 Hectoris
1049 2545 1221 2583 aszftxilio
1251 2545 1411 2582 utitur.
1454 2566 1503 2570 —-
1533 2548 1574 2582 5.
1606 2546 1703 2583 Duo
1734 2546 1781 2584 in
1812 2544 1951 2584 Socie-

438 2612 571 2651 tatem
602 2611 791 2649 admissi
806 2624 818 2657 ;
849 2610 1019 2658 duoque
1049 2609 1131 2648 alii
1160 2610 1243 2647 cito
1283 2609 1547 2648 admittendi
1576 2609 1798 2648 videntur.

392 2746 404 2764 ¹
426 2745 468 2777 In
490 2745 599 2786 epist.
624 2743 846 2784 Caesaraug.
882 2743 941 2774 die
966 2743 1004 2774 19.
1026 2742 1192 2774 Ianuarii
1217 2742 1297 2773 1562
1320 2742 1418 2782 data,
1443 2742 1582 2774 dicitur
1611 2742 1715 2774 illum
1738 2751 1818 2775 esse
1841 2743 1950 2775 abba-

329 2798 403 2830 tem
427 2797 642 2830 monasterii
677 2795 904 2834 assanensis,
929 2804 995 2827 seu
1029 2795 1096 2827 Sti.
1120 2795 1339 2834 Victoriani,
1364 2804 1439 2836 qua
1461 2795 1645 2836 dignitate
1668 2796 1747 2827 tum
1773 2796 1949 2837 temporis

330 2850 537 2892 insignitus
570 2850 648 2882 erat
671 2849 844 2881 dominus
868 2848 1025 2880 Ioannes
1048 2848 1092 2880 de
1115 2847 1256 2880 Pomar.
1281 2847 1333 2880 Cf.
1359 2847 1466 2880 Smnz
1490 2857 1534 2880 DE
1556 2848 1755 2880 BARANDA:
1786 2848 1950 2890 Espana

328 2903 530 2944 sagrada,
554 2903 596 2935 48
617 2902 707 2943 (Sta.
732 2901 867 2943 Iglesia
889 2901 933 2933 de
957 2900 1183 2941 Barbastro),
1209 2910 1243 2941 p.
1270 2901 1340 2933 168.

392 2958 404 2975 2
427 2955 519 2988 Vide
542 2955 636 2988 Litt.
665 2954 871 2994 Quadrim.
895 2954 955 2993 VI,
979 2954 1051 2986 465.

391 3011 405 3029 ³
426 3009 478 3040 Ex
500 3010 644 3050 autogr.
671 3008 709 3040 in
732 3008 811 3041 cod.
835 3007 943 3040 Rom.
968 3006 1041 3038 126
1063 3006 1108 3043 A,
1134 3007 1157 3039 f.
1184 3007 1264 3047 144;
1296 3008 1400 3048 prius
1425 3007 1494 3039 164.
