2099 3516
412 256 482 293 4702
880 257 1084 293 LITTERAE
1117 256 1461 301 QUADRlMESTREs

367 377 534 415 stanter
561 375 826 427 quaerendo.
858 374 1064 415 Sedulam
1103 373 1278 412 interim
1308 371 1558 422 superiores
1586 373 1756 411 nauant
1784 383 1979 422 operam,

368 442 413 479 vt
441 439 488 479 in
516 439 672 491 officijS
700 439 1016 479 humilioribus
1035 449 1188 477 omnes
1208 436 1477 483 contineant,
1500 437 1543 474 et
1562 435 1792 486 explorent
1820 447 1979 483 mores,

367 504 643 555 diligentiam
673 503 1055 554 constantiamque
1083 501 1361 552 singulorum
1392 500 1437 539 in
1467 501 1640 550 arrepto
1675 499 1791 539 vitae
1824 511 1982 550 propo-

368 568 468 616 sito,
500 580 606 608 num
649 568 816 608 scilicet
858 567 1043 618 praediti
1086 566 1176 605 sint
1218 565 1273 616 ijs
1316 564 1509 611 dotibus,
1543 575 1655 614 quas
1693 564 1801 603 haec
1829 565 1983 603 sancta

368 632 563 673 Societas
592 644 868 683 summopere
896 631 1129 671 desiderat.

447 698 484 737 2.
518 698 573 737 Vt
602 709 706 737 uero
735 697 789 736 ad
820 699 1023 736 uotorum
1053 694 1426 745 adimpletionem,
1457 693 1512 732 ad
1541 693 1771 733 charitatis
1800 692 1981 732 diuinae

368 765 410 802 et
439 763 655 802 fraternae
688 762 1008 812 perfectionem,
1031 759 1277 811 expeditius
1298 758 1521 809 possimus
1544 758 1806 809 pertingere,
1838 757 1985 796 solent

369 827 618 878 superiores
647 826 785 866 nostri
815 825 1104 865 saluberrima
1148 824 1277 863 nobis
1318 823 1534 874 quaedam
1568 824 1610 862 et
1638 821 1983 873 compendiosis-

369 891 496 939 sima,
518 891 757 942 eademque
786 902 838 930 ex
867 889 1032 929 sanctis
1053 888 1258 928 Patribus
1279 887 1525 937 desumpta,
1558 897 1800 937 proponere
1830 884 1985 924 incita-

370 958 529 1001 menta,
561 955 724 1006 quibus
752 955 874 994 horis
904 957 945 994 et
973 953 1100 1005 quasi
1137 951 1369 991 momentis
1394 951 1585 1002 singulis
1606 951 1829 990 fructuose
1856 961 1983 988 occu-

370 1020 464 1071 pari
494 1032 576 1059 nos
604 1020 775 1067 deceat,
808 1021 849 1058 et
877 1020 1090 1058 hactenus
1128 1017 1305 1068 quidem
1351 1028 1439 1055 non
1468 1016 1564 1055 sine
1593 1015 1769 1066 egregio
1800 1013 1985 1065 spiritus

369 1084 665 1124 emolumento
695 1084 779 1123 ista
808 1084 1134 1134 amplectuntur
1161 1084 1203 1121 et
1232 1083 1456 1120 sectantur
1485 1080 1683 1131 plerique
1712 1090 1882 1118 omnes,
1915 1078 1984 1117 Ad

370 1149 492 1194 haec,
524 1149 570 1187 in
606 1160 724 1188 more
758 1148 874 1199 apud
896 1160 977 1187 nos
998 1147 1102 1198 poni
1123 1148 1323 1196 coeptum
1345 1147 1424 1194 est,
1459 1147 1503 1184 vt
1523 1156 1635 1196 quae
1668 1144 1856 1195 quisque
1886 1154 1986 1182 nos-

370 1215 485 1253 trum
515 1225 567 1252 ex
587 1213 773 1253 lectione
802 1213 857 1252 ad
887 1224 1083 1252 mensam
1119 1211 1267 1250 habita
1290 1210 1524 1249 memoriae
1558 1208 1803 1256 mandauit,
1834 1207 1986 1247 statim

371 1290 394 1316 a
426 1278 611 1328 prandio
657 1278 789 1317 alicui
832 1277 1107 1316 sacerdotum
1152 1275 1238 1325 (cui
1282 1275 1404 1314 illius
1434 1274 1707 1325 septimanae
1736 1285 1842 1312 cura
1871 1284 1986 1311 com-

371 1342 521 1391 missa)
552 1355 697 1382 coram
728 1342 935 1382 omnibus
965 1341 1130 1387 reddat,
1155 1343 1201 1380 ut
1230 1341 1340 1379 hora
1368 1339 1568 1390 alioquin
1607 1337 1865 1378 recreationi
1895 1348 1986 1376 cor-

371 1407 512 1458 porali
541 1419 762 1454 concessa,
793 1406 966 1446 collatis
998 1406 1082 1456 pijs
1120 1404 1400 1444 sermonibus
1443 1406 1485 1443 et
1527 1403 1658 1443 bonis
1699 1401 1987 1452 conceptibus

371 1472 417 1510 in
447 1472 639 1511 medium
671 1471 868 1522 prolatis,
890 1483 989 1510 cum
1011 1470 1238 1520 Vtriusque
1259 1469 1455 1508 hominis
1476 1468 1666 1508 vtilitate
1697 1466 1983 1517 transigatur.

372 1535 487 1575 Κέω
517 1536 649 1575 etiam
679 1537 808 1575 Pater
836 1536 992 1574 Rector
1022 1537 1170 1574 noster
1199 1537 1210 1558 1
1242 1546 1331 1573 non
1361 1535 1504 1573 cessat
1532 1535 1690 1572 octauo
1711 1542 1887 1583 quoque
1916 1530 1986 1570 die

370 1600 525 1639 fratres
556 1600 659 1650 (nisi
689 1600 918 1651 legittimis
946 1599 1210 1639 distineatur
1239 1597 1582 1648 impedimentis)
1605 1597 1699 1636 suis
1720 1594 1986 1636 cohortatio-

372 1665 505 1704 nibus
546 1665 600 1703 ad
643 1665 817 1704 culmen
861 1663 1140 1714 perfectionis
1183 1662 1365 1702 incitare
1403 1673 1452 1701 ac
1496 1662 1783 1701 inflammare.
1827 1659 1986 1698 Mirum

372 1731 517 1768 autem
552 1729 598 1768 in
629 1729 807 1768 modum
836 1728 1008 1768 animos
1037 1728 1234 1767 omnium
1266 1727 1312 1766 in
1342 1727 1424 1766 hoc
1453 1728 1606 1766 sancto
1636 1725 1751 1765 vitae
1781 1723 1987 1763 instituto

385 1793 663 1833 confirmauit
705 1805 855 1833 annua
898 1794 989 1839 illa,
1020 1805 1133 1843 quae
1161 1805 1185 1831 a
1216 1793 1263 1831 P.
1297 1791 1562 1843 prouinciali
1591 1791 1606 1815 2
1643 1791 1766 1830 iuxta
1809 1789 1988 1840 regulas

372 1859 420 1898 fit
457 1859 743 1909 collegiorum
774 1859 983 1898 visitatio.
1032 1858 1123 1897 Hac
1169 1858 1286 1897 enim
1336 1858 1497 1896 factum
1547 1859 1627 1901 est,
1672 1857 1718 1895 vt
1746 1866 1859 1906 quae
1893 1853 1988 1893 suis

373 1925 478 1962 sunt
524 1923 652 1974 officij
697 1923 873 1974 plenius
928 1922 1093 1973 singuli
1124 1922 1437 1973 intelligerent,
1482 1920 1680 1972 scrupuli
1721 1919 1872 1959 multis
1900 1918 1989 1958 exi-

373 1989 610 2033 merentur,
652 1987 1059 2038 perturbationibus
1088 1998 1176 2025 non
1223 1986 1399 2026 leuibus
1428 1985 1635 2025 nonnulli
1678 1985 1986 2029 liberarentur,

373 2054 414 2091 et
457 2052 501 2091 in
547 2051 769 2091 meliorem
812 2052 950 2091 multa
993 2051 1191 2091 ordinem
1222 2051 1535 2102 redigerentur.

451 2118 489 2156 3.
523 2117 616 2156 Hoc
645 2116 955 2167 quadrimestri
982 2116 1092 2156 nulli
1115 2116 1159 2155 in
1182 2116 1484 2167 probationem
1506 2117 1610 2155 sunt
1630 2114 1828 2154 admissi.
1852 2114 1990 2153 Fuere

373 2182 550 2233 quidem
578 2181 785 2221 nonnulli
815 2181 891 2232 qui
920 2181 996 2220 diu
1027 2182 1318 2232 multumque,
1359 2183 1402 2220 vt
1430 2183 1684 2220 nostrorum
1712 2180 1894 2230 possent
1922 2189 1989 2218 as-

373 2246 507 2286 scribi
538 2258 720 2286 numero
749 2246 1055 2297 efflagstarint,
1088 2246 1163 2285 sed
1192 2246 1297 2297 quia
1330 2257 1421 2285 non
1450 2245 1687 2284 admodum
1722 2244 1991 2284 uidebantur

373 2311 427 2350 ad
457 2313 632 2350 nostrae
675 2311 790 2350 vitae
832 2311 1044 2350 rationem
1088 2312 1126 2350 et
1171 2310 1539 2350 consuetudinem
1570 2309 1733 2356 idonei,
1765 2308 1989 2359 repulsam

374 2376 493 2426 passi
523 2377 640 2415 sunt.
669 2375 796 2426 Spem
819 2375 995 2414 interim
1016 2387 1105 2414 non
1126 2387 1308 2425 paruam
1329 2374 1612 2425 concepimus
1640 2373 1694 2413 de
1722 2373 1989 2424 quibusdam

374 2441 623 2491 praeclarae
652 2440 817 2479 indolis
845 2442 885 2479 et
916 2452 1101 2491 magnae
1121 2439 1461 2490 exspectationis
1481 2438 1854 2485 adolescentibus,
1877 2449 1991 2489 quos

375 2504 549 2545 Christo
579 2504 625 2543 in
654 2504 736 2544 hac
765 2504 835 2543 sui
865 2503 1060 2543 nominis
1089 2503 1303 2543 Societate
1332 2504 1513 2543 nomina
1538 2503 1780 2554 aliquando
1809 2503 1991 2542 daturos

375 2569 504 2620 plane
533 2568 810 2608 confidimus.
844 2567 984 2607 Affuit
1026 2567 1155 2606 nobis
1197 2567 1501 2618 superioribus
1543 2567 1700 2607 diebus
1733 2566 1993 2606 adolescens

374 2633 554 2684 quidam
575 2644 664 2672 non
685 2632 1030 2672 contemnendae
1050 2632 1229 2679 indolis,
1252 2644 1409 2683 genere
1438 2633 1670 2679 hebraeus,
1692 2633 1734 2671 et
1758 2630 1990 2670 hebraicae

374 2698 553 2749 linguae
582 2709 671 2737 non
693 2697 889 2748 ignarus,
913 2697 1030 2748 apud
1050 2708 1283 2747 germanos
1304 2699 1452 2736 tamen
1472 2699 1513 2736 et
1534 2699 1666 2736 natus
1691 2698 1734 2735 et
1762 2696 1990 2736 educatus,

376 2762 458 2802 Hic
489 2765 693 2813 paternae
722 2761 929 2813 perfidiae
954 2763 1193 2812 pertaesus,
1217 2764 1317 2801 ante
1337 2761 1693 2813 quinquennium
1715 2761 1770 2800 ad
1791 2759 1989 2799 christia-

375 2840 456 2867 nos
484 2827 734 2867 clanculum
764 2826 975 2877 confugit.
1008 2825 1171 2866 Verum
1201 2828 1247 2865 ut
1277 2829 1381 2866 sunt
1410 2826 1731 2866 haereticorum
1762 2825 1833 2864 hic
1862 2825 1991 2876 plena

437 2975 446 2992 ¹
470 2973 507 3006 P.
531 2972 787 3021 Theodoricus
803 2972 990 3004 Canisius.

437 3029 449 3046 2
475 3026 508 3059 Ρ.
534 3026 663 3058 Petrus
686 3025 872 3058 Canisius.
989 3022 990 3026 ’
