2099 3516
383 250 452 286 692
854 249 1056 285 LITTERAE
1084 248 1431 291 QUADRIMESTRES

337 370 512 408 nostras
541 368 729 415 audiuit,
752 379 802 407 ea
832 366 1061 414 modestia,
1085 368 1128 405 et
1150 366 1365 416 probitate
1387 367 1627 417 praeditus,
1651 369 1696 406 vt
1715 379 1821 407 suos
1840 378 1954 407 com-

338 433 560 472 militones
588 432 644 471 ad
688 432 881 471 melioris
913 431 1026 469 vitae
1070 441 1268 469 normam
1313 432 1535 480 prouocet,
1567 442 1616 470 ac
1660 442 1780 482 spem
1826 430 1880 470 de
1908 442 1954 470 se

338 510 427 537 non
456 497 660 547 exiguam
691 496 820 535 nobis
850 495 1123 545 polliceatur.
1171 494 1456 543 Adolescens,
1488 495 1533 534 ni
1565 495 1709 542 fallor,
1743 495 1791 534 18
1819 507 1955 534 anno-

337 574 450 610 rum,
494 561 656 611 studijs
692 559 982 600 humanitatis
1026 570 1115 597 non
1160 558 1424 598 infoeliciter
1465 559 1680 607 eruditus,
1712 562 1759 599 vt
1799 559 1865 598 vel
1908 558 1953 598 in

337 627 517 674 scholis,
549 626 617 665 vel
647 625 748 675 alijs
777 624 896 663 (lomi
941 623 1144 674 negotijS,
1177 623 1363 674 collegio
1394 624 1541 663 vtilem
1582 636 1759 674 operam
1790 624 1955 674 impen-

337 692 437 731 dere
465 691 730 742 quandoque
760 688 913 739 possit.
947 688 1124 727 Praeter
1153 688 1272 727 hunc
1292 687 1366 738 alij
1400 688 1503 727 item
1533 688 1785 728 scholastici
1815 687 1955 727 nostri

337 758 379 796 et
406 755 681 795 conuictores
715 753 947 793 Societatis
975 752 1304 802 amplectendae
1333 752 1601 792 desiderium
1631 765 1721 792 non
1755 752 1956 792 obscuris

338 821 480 872 signis
500 820 792 859 declararunt.
814 816 927 857 R.‘¹¹¹S
958 818 1004 856 P.
1030 819 1179 856 noster
1207 817 1365 856 Rector
1394 819 1405 841 ¹
1437 819 1501 856 est
1522 829 1601 857 ceu
1631 818 1832 857 dextrum
1862 816 1956 857 R.di

340 886 450 926 Pris.
497 883 792 924 Prouincialis
820 884 834 907 ²
866 882 1112 931 brachium,
1151 885 1195 921 vt
1238 882 1366 922 cuius
1408 894 1539 933 opera
1582 884 1625 922 et
1667 882 1868 934 consilijS
1910 882 1956 922 in

339 949 543 989 maximis
573 948 709 988 totius
753 946 1007 998 prouinciae
1052 946 1240 997 negotijS
1270 946 1331 985 vti
1361 946 1487 994 solet,
1519 958 1649 997 quem
1684 946 1872 986 subinde
1902 946 1957 986 ad

339 1015 425 1054 alia
456 1013 705 1059 inuisenda,
738 1011 1022 1060 iuuandaque
1051 1011 1235 1061 collegia
1266 1011 1487 1050 destinare
1516 1011 1762 1051 consueuit.
1805 1011 1957 1062 Itaque

340 1091 429 1118 non
460 1089 557 1116 raro
605 1077 758 1115 abesse
805 1075 1005 1125 cogitur:
1055 1075 1131 1113 sed
1176 1086 1307 1114 suum
1355 1074 1544 1126 quisque
1587 1087 1751 1114 munus
1781 1074 1957 1114 interim

340 1143 458 1182 domi
489 1142 581 1181 obit
611 1141 859 1191 diligenter.
893 1140 976 1178 Pro
1007 1139 1162 1178 indicti
1192 1139 1367 1190 concilij
1401 1139 1545 1178 foelici
1580 1151 1786 1179 successu
1816 1139 1959 1190 quoti-

339 1208 497 1247 dianae
526 1217 690 1257 preces,
722 1206 764 1244 et
793 1204 1055 1243 afflictiones
1086 1206 1298 1249 peractae.
1332 1204 1730 1255 Indulgentiarum,
1762 1216 1873 1255 quas
1912 1204 1957 1243 in

338 1272 525 1312 eundem
556 1271 685 1310 finem
717 1269 922 1308 Pontifex
952 1269 1064 1308 Max.
1097 1269 1358 1319 publicauit,
1392 1281 1497 1308 vsus
1525 1271 1567 1308 et
1596 1269 1765 1309 fructus
1794 1269 1959 1308 nostris

340 1337 423 1377 fuit
452 1336 579 1375 valde
621 1334 858 1381 salutaris,
907 1334 1278 1384 quemadmodum
1309 1336 1351 1373 et
1380 1334 1610 1373 renouatio
1649 1334 1726 1373 illa
1756 1335 1957 1373 votorum

340 1402 464 1442 festis
493 1402 563 1440 his
593 1399 815 1451 natalicijs
845 1401 1020 1438 nostros
1049 1399 1223 1438 animos
1253 1399 1372 1438 haud
1396 1411 1547 1449 parum
1575 1399 1620 1438 in
1642 1399 1725 1438 hoc
1755 1398 1959 1438 instituto

341 1465 635 1507 confirmauit.
985 1470 988 1474 ’

419 1532 457 1570 Q.
482 1531 537 1570 Vt
557 1530 611 1569 ad
641 1529 917 1568 conuictores
940 1528 1128 1575 veniam,
1154 1528 1204 1567 aa
1226 1530 1516 1567 numerantur
1536 1528 1601 1567 illi
1621 1541 1629 1567 :
1662 1539 1762 1566 nam
1786 1527 1961 1578 paucio—

342 1609 410 1637 res
430 1597 645 1635 hactenus
674 1595 879 1633 aluimus.
912 1594 1226 1633 Adolescentes
1256 1593 1457 1636 modesti.
1482 1593 1660 1640 dociles,
1683 1593 1836 1643 sobrij,
1859 1593 1962 1632 sim-

344 1663 492 1714 plices,
525 1661 601 1712 pii,
634 1660 748 1699 inter
790 1670 902 1710 quos
931 1659 1061 1697 etiam
1108 1658 1279 1697 nobiles
1310 1659 1544 1698 nonnulli:
1591 1658 1796 1697 abierunt
1824 1657 1958 1704 enim,

342 1738 454 1778 quos
496 1727 622 1765 antea
669 1724 877 1763 molestos
920 1735 1075 1762 sumus
1104 1723 1286 1773 experti,
1319 1725 1551 1773 parentum
1595 1722 1887 1773 indulgentia,
1919 1724 1960 1762 et

343 1791 490 1831 1100010
520 1790 683 1841 quibus
725 1789 827 1839 aliJ's
856 1788 978 1838 vitijs
1021 1788 1265 1838 deprauati.
1286 1787 1370 1837 Qui
1401 1790 1531 1826 antea
1552 1789 1744 1827 nostram
1768 1787 1814 1826 in
1836 1787 1960 1826 insti-

342 1856 505 1896 tuendo
547 1854 825 1894 seueritatem
859 1853 1173 1903 reprehendere
1217 1853 1301 1892 visi
1344 1855 1463 1900 sunt,
1496 1864 1615 1892 nunc
1652 1853 1960 1892 commendant

341 1921 635 1963 sedulitatem,
660 1921 703 1958 vt
725 1918 827 1957 hinc
847 1918 1096 1968 complures
1115 1918 1247 1956 etiam
1276 1917 1597 1968 praestantium
1623 1917 1853 1957 hominum
1881 1917 1959 1968 filij

342 1986 486 2032 nobis,
508 1986 772 2034 nostraeque
807 1983 907 2022 fidei
941 1982 1316 2027 commendentur,
1336 1994 1478 2032 neque
1499 1982 1600 2021 licet
1632 1993 1738 2021 sane
1771 1982 1959 2029 oblatos,

343 2051 477 2090 immo
498 2052 539 2089 et
568 2050 774 2088 obtrusos
794 2059 947 2087 omnes
977 2047 1219 2086 admittere.
1254 2047 1334 2086 His
1355 2047 1580 2086 adduntur
1608 2059 1685 2086 sex
1714 2047 1962 2098 praeclarae

343 2114 522 2162 indolis,
554 2116 596 2153 et
624 2113 840 2152 tenuioris
883 2113 1085 2151 fortunae
1115 2112 1253 2162 pueri,
1286 2123 1398 2162 quos
1428 2112 1473 2150 111
1503 2111 1689 2162 collegio
1722 2123 1961 2162 pauperum

344 2192 443 2219 mox
465 2179 673 2229 erigendo
694 2190 743 2217 ac
766 2177 937 2228 piorum
968 2188 1049 2227 ope
1071 2177 1362 2215 sustentando
1385 2176 1551 2227 primos
1572 2176 1661 2216 fore
1681 2176 1959 2216 confidimus.

421 2245 459 2283 3
494 2244 555 2282 De
584 2244 806 2282 structura
834 2241 1006 2291 collegij
1041 2241 1123 2280 hoc
1153 2241 1296 2280 obiter
1326 2241 1500 2289 addam,
1536 2241 1698 2280 vtiliter
1726 2241 1962 2280 admodum

344 2309 474 2349 nohis
503 2310 701 2359 paratam
730 2319 825 2346 esse
857 2318 1017 2345 nouam
1062 2305 1307 2354 ecclesiam,
1338 2308 1378 2345 et
1409 2306 1666 2345 adiunctum
1698 2305 1763 2344 illi
1796 2308 1964 2356 praeter

344 2375 431 2414 alia
479 2374 817 2424 hypocaustum,
863 2373 903 2410 et
966 2370 1243 2409 refectorium
1292 2370 1650 2409 commodissimo
1697 2382 1804 2409 sane
1849 2370 1960 2409 loco.

346 2440 391 2478 P.
418 2437 712 2478 Prouincialis
741 2435 861 2475 dedit
890 2447 1082 2485 operam,
1108 2437 1152 2473 vt
1181 2435 1486 2485 singularibus
1507 2434 1711 2485 precibus
1739 2435 1794 2474 ad
1823 2435 1961 2474 Deum

344 2504 456 2543 fusis
498 2502 735 2552 additaque
765 2500 1071 2540 benedictione
1115 2500 1390 2539 refectorium
1422 2501 1765 2540 consecraretur.
1796 2500 1846 2539 D.
1880 2499 1962 2540 Cu-

346 2569 561 2608 uillonius
590 2567 833 2606 orationem
863 2568 968 2605 tunc
998 2565 1154 2604 habuit
1182 2565 1442 2615 elegantem,
1474 2565 1676 2604 virtutem
1707 2564 1962 2604 huiusmodi

347 2632 702 2672 benedictionum
732 2631 984 2678 ostendens,
1016 2632 1053 2669 et
1086 2629 1141 2668 ad
1170 2641 1338 2669 nouum
1369 2630 1573 2680 spiritum
1612 2629 1659 2668 in
1688 2629 1820 2669 nouis
1848 2629 1964 2668 aedi-

348 2699 429 2736 bus
471 2696 784 2736 declarandum
816 2707 897 2734 nos
940 2695 1192 2734 exhortans.
1224 2694 1330 2733 Cum
1364 2694 1519 2733 fratres
1552 2693 1598 2732 in
1628 2705 1729 2732 area
1757 2694 1964 2733 deambu-

346 2762 501 2809 larent,
546 2773 597 2800 ex
646 2760 891 2799 vicinorum
952 2759 1136 2797 aedibus
1183 2759 1508 2809 spectabantur,
1557 2759 1614 2797 ob
1662 2757 1775 2797 muri
1822 2757 1963 2797 nostri

409 2967 418 2985 ¹
443 2965 479 2998 P.
504 2965 678 2997 Nicolaus
705 2965 886 3005 Lanoyus

408 3021 420 3037 2
443 3018 478 3051 S.
503 3019 634 3050 Petrus
657 3018 843 3050 Canisius.
