2099 3516
526 269 606 306 572.
634 292 676 295 —
704 270 891 306 anono
916 269 939 305 3
966 268 1220 304 SEPTEMBms
1248 266 1334 302 1561
1630 265 1700 301 523

121 390 209 430 nisi
239 389 449 429 simulato
491 389 682 439 fictoque
724 388 889 434 animo,
922 387 967 426 in
999 386 1113 424 viam
1159 397 1288 435 spero
1331 386 1584 423 nostrorum
1614 395 1747 434 opera

121 455 325 495 reductos
354 456 395 493 et
426 453 472 493 in
504 453 588 493 fide
617 454 915 493 confirmatos.
949 451 1055 490 Tres
1085 452 1189 490 sunt
1221 450 1372 488 Patres
1416 460 1501 487 vna
1531 460 1630 487 cum
1662 460 1748 487 rec-

121 521 228 566 tore,
251 518 327 570 qui
348 518 707 558 confessionibus
729 519 898 564 vacent,
921 516 1086 567 quibus
1107 515 1198 554 scio
1220 515 1453 565 plerosque
1483 526 1508 552 a
1533 513 1748 563 grauibus

121 584 331 635 periculis
360 585 498 623 tectos
528 583 666 623 tuisse
696 595 746 622 ac
775 584 918 622 sartos
947 582 1248 620 conseruatos.
1283 579 1597 628 Veneruntque
1627 577 1748 616 nobi-

120 649 184 689 les
213 649 428 700 quaedam
461 649 669 688 mulieres
699 660 751 687 ex
781 645 1091 686 remotissimis
1122 645 1245 692 locis,
1281 646 1323 683 vt
1359 646 1399 683 et
1433 643 1749 683 confiterentur

121 714 286 754 nostris
315 716 356 753 et
385 725 462 753 eos
491 714 773 753 consulerent
802 712 909 763 quid
941 711 1190 750 faciendum
1218 712 1334 749 esset
1356 709 1578 760 plerisque
1607 707 1652 746 in
1685 720 1747 747 re-

121 779 218 826 bus,
252 779 296 818 in
327 779 493 830 quibus
523 778 819 818 haesitabant.
853 777 1006 815 Patres
1035 775 1214 826 quidam
1248 774 1501 813 inuiserunt
1533 774 1750 811 monaste-

121 843 235 882 rium
267 842 545 890 monialium,
568 854 756 894 quarum
788 841 1025 880 audierunt
1046 839 1365 886 confessiones,
1390 838 1629 877 multarum
1652 836 1749 887 qui-

119 908 216 947 dem
248 908 490 959 generales,
523 908 640 958 apud
683 918 795 958 quas
824 906 955 945 etiam
1000 907 1105 944 sunt
1147 903 1398 943 concionati
1444 914 1604 953 magno
1634 903 1749 941 certe

120 973 316 1024 ipsarum
347 973 594 1020 commodo,
626 984 724 1012 cum
756 973 858 1011 ante
889 970 1025 1010 variis
1050 970 1326 1021 agitarentur
1349 968 1506 1015 modis,
1530 979 1610 1007 nec
1639 967 1749 1006 satis

120 1040 302 1077 nossent
331 1050 410 1078 sue
442 1038 655 1078 rationem
686 1035 978 1088 professionis
1020 1037 1152 1086 atque
1197 1034 1421 1085 proposite
1466 1033 1575 1080 vite;
1612 1044 1749 1084 quare

119 1115 173 1143 ex
201 1103 455 1155 cognitione
500 1106 753 1143 nostrorum
799 1101 1006 1141 maximis
1049 1112 1095 1140 se
1138 1099 1357 1151 obstringi
1402 1100 1492 1138 Deo
1525 1098 1748 1138 beneficiis

119 1168 338 1215 dicebant,
371 1171 413 1208 et
442 1169 545 1208 illae
574 1176 592 1195 a
621 1171 734 1208 certe
777 1167 854 1206 diu
898 1168 1120 1217 noctuque
1158 1177 1234 1216 pro
1264 1164 1481 1204 Societate
1510 1165 1652 1203 orant.
1687 1163 1749 1202 De

120 1245 239 1273 more
269 1233 427 1273 diebus
456 1233 692 1273 dominicis
735 1232 890 1272 concio
933 1232 979 1270 in
1020 1243 1180 1282 magno
1211 1230 1391 1281 templo,
1424 1241 1586 1280 magno
1615 1228 1749 1268 etiam

120 1309 219 1338 cum
250 1298 412 1346 fructu,
444 1299 646 1338 habetur.

198 1363 236 1403 4.
270 1363 332 1402 De
361 1363 529 1403 scholis
560 1374 698 1414 pauca
720 1365 825 1402 sunt
846 1362 924 1401 illa
945 1361 1140 1412 quidem,
1163 1372 1276 1412 quae
1297 1360 1456 1408 dicam,
1480 1370 1592 1410 quas
1621 1362 1750 1397 ornat

120 1429 235 1467 certe
264 1431 304 1467 et
336 1427 616 1468 commendat
658 1427 846 1467 honesta
888 1427 1047 1466 selecte
1092 1425 1342 1466 iuuentutis
1387 1423 1659 1475 t'requentia;
1707 1425 1750 1462 vt

121 1494 296 1533 etiamsi
329 1494 375 1533 in
406 1493 620 1545 proximis
650 1493 911 1533 ciuitatibus
940 1492 1121 1543 quidam
1152 1491 1244 1531 sint
1272 1493 1314 1530 et
1343 1490 1545 1530 doctrina
1588 1492 1630 1528 et
1669 1500 1750 1528 vsu

119 1561 251 1610 atque
271 1559 586 1599 exercitatione
607 1558 902 1598 commendati
927 1558 1212 1608 professores,
1232 1567 1392 1595 nomen
1415 1557 1562 1594 tamen
1583 1554 1751 1594 scholis

120 1625 285 1664 nostris
314 1637 404 1664 non
437 1624 721 1676 praeripiant,
745 1623 976 1674 nihiloque
1001 1623 1233 1662 videantur
1254 1621 1508 1661 deteriores.
1533 1620 1645 1660 Sunt
1674 1632 1750 1659 au·

119 1691 205 1728 tem
228 1701 412 1729 numero
443 1689 544 1741 plus
575 1689 723 1729 minus
750 1688 869 1728 mille
890 1689 932 1727 et
952 1687 1154 1733 ducenti;
1179 1687 1224 1726 in
1247 1686 1412 1738 quibus
1432 1685 1689 1725 erudiendis
1709 1686 1751 1723 et

119 1753 174 1793 ad
203 1766 380 1794 omnem
409 1754 734 1794 humanitatem
764 1753 1075 1800 informandis,
1108 1752 1313 1791 lubenter
1345 1761 1750 1790 commemorauero
1782 1788 1785 1791 ,

118 1821 370 1859 nostrorum
404 1820 588 1859 fratrum
618 1819 896 1870 diligentiam
929 1820 1000 1869 (ne
1030 1830 1099 1857 me
1129 1818 1220 1857 illis
1259 1820 1301 1856 et
1344 1816 1579 1856 tardiorem
1613 1815 1751 1866 negli-

119 1884 452 1936 gentioremque
491 1885 674 1924 moleste
705 1884 875 1933 feram),
907 1895 1021 1935 quos
1066 1883 1192 1922 video
1236 1882 1447 1922 insudare
1489 1883 1531 1921 et
1573 1892 1750 1920 omnem

119 1949 330 1989 adhibere
359 1962 553 2001 operam,
586 1950 781 1989 studium
814 1951 947 2000 atque
976 1951 1168 1999 tempus,
1200 1950 1247 1986 vt
1277 1947 1387 1987 illud
1419 1959 1549 1986 suum
1586 1957 1751 1985 munus

120 2027 197 2066 pro
227 2015 444 2066 dignitate
477 2015 741 2066 compleant.
775 2013 1122 2053 Exercitationes
1157 2013 1435 2059 scholastice,
1467 2010 1751 2051 declamatio-

120 2092 214 2128 nes,
259 2080 601 2131 disputationes,
647 2080 910 2131 scriptiones
953 2080 1106 2118 crebro
1151 2079 1405 2129 exiguntur,
1438 2089 1538 2117 cum
1583 2075 1750 2127 insigni

118 2145 441 2196 discipulorum
464 2145 763 2196 promotione,
796 2147 837 2184 et
860 2148 904 2184 vt
925 2144 991 2184 illi
1013 2144 1207 2195 singulis
1228 2143 1481 2195 quibusque
1503 2142 1748 2187 mensibus,

119 2212 195 2250 aut
224 2210 355 2250 etiam
388 2210 582 2262 saepius,
615 2210 925 2257 confiteantur,
950 2209 1220 2261 prospicitur
1248 2209 1498 2259 diligenter.
1524 2208 1556 2246 E
1586 2207 1751 2258 quibus

119 2278 224 2315 sunt
255 2276 453 2327 plerique
495 2276 571 2327 qui
615 2278 774 2315 octauo
817 2287 996 2326 quoque
1040 2275 1110 2314 die
1155 2274 1197 2313 id
1241 2273 1468 2325 perficiant
1499 2273 1748 2319 nobiscum,

119 2340 285 2392 quique
317 2353 476 2392 magno
507 2340 740 2380 Societatis
770 2340 961 2391 flagrant
991 2352 1154 2387 amore,
1179 2351 1314 2390 seque
1344 2339 1389 2378 in
1421 2350 1517 2378 eam
1547 2339 1752 2388 cooptan-

119 2405 199 2444 dos
228 2405 463 2453 tradidere,
501 2405 571 2444 vbi
621 2405 809 2456 primum
842 2405 889 2444 P.
924 2404 1083 2444 Rector
1113 2404 1157 2443 id
1189 2403 1348 2443 viderit
1391 2405 1566 2454 tempus
1602 2403 1749 2452 postu-

119 2470 232 2517 lare,
265 2482 316 2509 ac
346 2470 475 2509 bonis
505 2472 545 2509 et
576 2470 737 2509 litteris
780 2472 822 2509 et
866 2470 1065 2509 moribus
1096 2469 1272 2517 imbuti,
1305 2481 1404 2508 cum
1450 2469 1655 2519 parentes
1686 2478 1749 2505 re-

121 2535 289 2582 uisunt,
322 2535 483 2575 mirum
513 2536 729 2586 quantum
762 2535 807 2574 in
838 2535 929 2574 illis
973 2546 1054 2574 suo
1097 2534 1300 2585 exemplo
1344 2533 1521 2584 pietatis
1559 2532 1752 2572 excitent

119 2599 332 2639 studium.
366 2600 534 2640 Audiui
565 2612 645 2651 ego
675 2600 780 2639 dum
812 2602 1018 2651 parentes
1056 2599 1237 2650 quidam
1282 2599 1478 2639 dicerent
1522 2597 1673 2637 mirari
1704 2608 1750 2636 se

120 2664 284 2704 liberos
313 2667 442 2705 antea
474 2668 562 2704 tam
593 2665 845 2716 petulantes
874 2667 915 2704 et
950 2665 1208 2709 insolentes,
1242 2664 1594 2704 modestissimos
1624 2665 1665 2702 et
1695 2662 1750 2702 ad

119 2742 294 2770 omnem
325 2731 602 2770 honestatem
634 2730 896 2770 informatos
925 2730 981 2769 ad
1025 2742 1071 2769 se
1110 2730 1266 2778 redire,
1299 2732 1345 2769 vt
1374 2741 1526 2769 eorum
1558 2740 1648 2768 non
1678 2740 1751 2779 pa-

121 2807 216 2835 rum
249 2797 535 2835 mouerentur
576 2797 619 2834 et
661 2795 823 2846 pietate
852 2798 894 2835 et
924 2795 1173 2834 sanctitate.
1207 2795 1314 2834 Tres
1356 2795 1471 2833 bone
1515 2793 1680 2833 indolis
1709 2794 1751 2832 et

119 2860 386 2900 eruditionis
414 2873 468 2900 ex
498 2860 663 2900 nostris
692 2860 926 2912 discipulis
948 2860 994 2899 in
1015 2860 1279 2900 Societatem
1300 2859 1480 2899 admisit
1503 2859 1549 2898 P.
1575 2859 1748 2905 Rector,

181 3065 199 3084 a
219 3056 281 3089 ille
304 3066 376 3089 ms.
