2099 3516
541 239 622 276 513.
649 260 691 266 —
721 239 941 275 MONACHIO
969 239 986 274 1
1014 238 1114 274 MAII
1142 238 1230 274 1561
1578 239 1648 275 0257

69 357 179 396 mihi
209 356 318 397 estis
346 357 424 408 filij
470 359 513 397 et
556 357 810 408 perplacent
838 357 989 396 omnia
1018 358 1190 404 uestra;
1222 356 1390 408 pergite
1437 356 1616 407 porrho,
1648 359 1696 397 ut

68 421 292 473 coepistis,
324 423 366 461 et
395 422 614 473 optimum
635 434 808 473 semper
827 423 876 461 ut
895 422 1110 461 hactenus
1131 433 1200 461 me
1220 421 1421 461 sentietis
1441 423 1693 472 patronum,

68 486 158 526 imo
188 489 370 537 patrem.
416 487 620 527 Porrecta
667 487 826 527 deinde
873 486 1033 526 iterum
1080 488 1213 538 atque
1259 486 1420 526 iterum
1467 497 1618 533 manu,
1650 486 1697 525 in

67 552 217 592 aulam
246 564 374 592 suam
406 564 566 604 magna
594 553 785 605 stipatus
831 552 1052 592 nobilium
1099 554 1139 591 et
1187 552 1378 591 aliorum
1425 553 1602 591 caterua
1631 553 1697 590 est

68 628 288 657 reuersus
321 617 459 657 Multa
488 620 660 669 praeter
689 618 797 657 haec
826 618 931 657 sunt
960 617 1063 665 alia,
1086 617 1251 668 quibus
1271 628 1403 656 suum
1424 616 1469 656 in
1491 627 1574 655 nos
1593 627 1696 655 con-

67 681 219 721 testari
249 682 362 721 solet
381 694 591 730 amorem,
614 684 657 722 et
677 682 791 722 nihil
812 682 868 721 ab
888 693 939 721 eo
960 681 1202 732 petiuimus
1222 682 1453 729 hactenus,
1474 680 1697 732 (quamuis

67 758 210 797 neque
239 759 379 798 pauca
409 759 552 799 neque
581 759 721 798 parua
749 747 1022 798 petierimus)
1054 746 1173 798 quod
1202 758 1294 786 non
1322 746 1559 786 clementer
1596 757 1698 785 con-

66 812 260 852 cesserit.
294 813 370 852 Est
399 825 505 853 uero
534 815 687 853 tantus
716 813 812 852 eius
841 824 945 863 erga
973 812 1238 852 catholicam
1286 811 1547 862 religionem
1577 810 1698 850 zelus

66 878 109 916 et
138 889 276 925 amor,
311 880 356 917 ut
386 890 466 918 nec
494 878 541 917 in
570 877 821 929 praecipuis
850 877 978 917 aulae
999 888 1105 917 suae
1126 877 1355 916 nobilibus
1375 877 1430 916 ab
1450 876 1698 915 orthodoxa

67 942 152 982 fide
180 942 352 983 alienas
381 943 492 983 ferat
520 943 769 994 opiniones,
801 944 1063 994 argumento
1093 944 1173 989 est,
1210 942 1329 992 quod
1376 942 1460 981 sub
1507 940 1698 992 paschae

67 1006 244 1055 festum,
275 1008 389 1048 duos
418 1020 582 1060 eosquc
612 1008 811 1048 illustres
840 1007 923 1047 hac
952 1007 1048 1047 sola
1077 1019 1211 1047 causa
1241 1007 1427 1046 aedibus
1447 1006 1542 1046 suis
1562 1017 1698 1056 expu-

67 1072 181 1120 lerit,
213 1073 432 1123 suspectis
461 1073 564 1124 alijs
606 1073 752 1113 simile
802 1073 997 1112 minatus
1043 1072 1242 1120 exilium,
1283 1072 1372 1111 nisi
1420 1071 1545 1111 breui
1593 1070 1698 1110 resi-

67 1136 252 1187 piscant.
275 1137 436 1177 Totum
455 1138 687 1178 cuiusdam
726 1146 744 1164 a
774 1140 1004 1189 suspectae
1033 1137 1230 1177 ciuitatis
1259 1138 1463 1177 senatum
1493 1134 1698 1175 accersiri

66 1202 154 1242 huc
183 1214 325 1253 nuper
358 1203 504 1251 iussit,
557 1203 797 1255 multisque
843 1203 1002 1243 diebus
1048 1202 1236 1242 detineri
1266 1202 1313 1241 in
1342 1201 1594 1241 carceribus
1623 1212 1699 1240 eos

66 1267 123 1306 ob
152 1269 349 1307 notatam
378 1267 424 1307 in
458 1268 522 1307 eis
569 1268 787 1308 haeresim
835 1270 878 1307 et
925 1267 1211 1307 rebellionem
1258 1266 1448 1313 curauit,
1497 1266 1699 1305 seuerius

66 1331 199 1371 etiam
229 1332 276 1372 in
306 1344 381 1372 eos
410 1333 821 1380 animaduersurus,
866 1333 955 1372 nisi
1003 1335 1043 1372 et
1091 1332 1325 1372 seditionis
1372 1332 1505 1371 timor
1551 1330 1699 1382 prohi-

67 1398 251 1446 buisset,
283 1401 324 1438 et
353 1399 708 1438 emendationem
738 1399 805 1438 illi
836 1398 1160 1450 promisissent.
1194 1398 1263 1437 Ad
1292 1398 1400 1437 haec
1443 1408 1612 1437 nouum
1642 1397 1698 1435 ab

66 1462 332 1503 officialibus
361 1464 456 1504 suis
486 1464 784 1504 iuramentum
829 1476 907 1515 per
953 1463 1231 1515 prouinciam
1278 1462 1533 1502 bauaricam
1581 1461 1698 1512 exigi

67 1529 302 1580 praecepit,
339 1542 427 1581 quo
474 1533 753 1570 sacrosancte
800 1530 1059 1581 promittant
1107 1529 1351 1569 catholicae
1398 1540 1444 1568 se
1492 1527 1699 1578 religioni

67 1606 210 1646 usque
239 1595 609 1646 patrocinaturos.
643 1596 695 1635 Et
723 1607 823 1635 cum
853 1596 1114 1635 lutheranae
1143 1594 1392 1635 cantilenae
1422 1593 1576 1644 paucis
1597 1594 1699 1632 ante

66 1659 225 1699 diebus
254 1671 331 1710 per
359 1660 550 1711 compita
582 1661 747 1711 passim
778 1663 821 1700 et
852 1661 1020 1711 plateas
1047 1659 1245 1700 ciuitatis
1265 1659 1411 1699 audiri
1432 1658 1697 1709 coepissent,

66 1726 190 1764 tanta
219 1725 433 1765 continuo
471 1725 706 1765 seueritate
753 1728 957 1765 senatum
1005 1737 1138 1776 super
1185 1725 1269 1764 hac
1298 1736 1343 1764 re
1372 1723 1619 1770 admonuit,
1652 1724 1700 1762 ut

67 1789 217 1829 nullas
246 1790 465 1830 eiusmodi
495 1802 616 1830 nunc
649 1791 803 1830 audire
850 1791 897 1830 in
945 1791 1028 1830 hac
1077 1791 1183 1830 urbe
1230 1789 1473 1840 contingat.
1522 1788 1701 1828 Assolet

67 1854 200 1894 etiam
229 1855 425 1906 optimus
454 1855 674 1906 princeps,
707 1856 744 1895 si
775 1867 888 1906 quos
918 1855 1069 1907 magni
1099 1854 1295 1894 nominis
1324 1856 1365 1894 et
1413 1852 1700 1893 authoritatis

67 1920 205 1968 uiros,
237 1921 309 1960 uel
339 1921 508 1972 alioqui
538 1921 697 1961 charos
726 1921 812 1960 sibi
843 1921 890 1961 in
919 1921 1023 1961 aula
1070 1921 1246 1967 habeat,
1295 1919 1372 1971 qui
1420 1919 1467 1958 in
1514 1919 1599 1958 fide
1629 1930 1700 1958 su-

67 1985 205 2036 specti
236 1987 461 2037 putentur,
494 1986 607 2026 solet
636 1987 819 2038 inquam
862 1987 977 2026 nihil
1020 1998 1111 2026 non
1158 1987 1342 2033 tentare,
1394 1987 1440 2024 ut
1488 1986 1602 2024 recte
1632 1983 1699 2023 illi

67 2051 376 2099 instituantur,
408 2054 450 2091 et
479 2053 534 2091 ab
564 2052 789 2091 erroribus
811 2052 1092 2091 reducantur.
1117 2051 1233 2091 Hinc
1253 2053 1295 2090 et
1316 2051 1452 2090 uerbo
1473 2052 1515 2089 et
1535 2049 1700 2100 scripto

67 2128 219 2156 eorum
250 2117 424 2156 consuli
455 2117 590 2156 saluti
620 2119 759 2165 curat,
791 2119 832 2156 et
863 2119 1014 2157 nostra
1043 2117 1223 2168 quidem
1248 2128 1341 2155 non
1361 2115 1496 2155 semel
1518 2115 1564 2154 in
1584 2115 1701 2154 hanc

68 2194 159 2221 rem
189 2194 323 2233 opera
353 2182 418 2222 uti
448 2183 616 2222 uoluit:
649 2183 697 2222 fit
726 2183 905 2222 demum
939 2184 1093 2222 sancto
1140 2181 1356 2233 principis
1403 2181 1619 2231 exemplo,
1652 2181 1700 2219 ut

69 2247 250 2298 plurimi
281 2248 328 2287 in
358 2248 442 2287 fide
476 2248 694 2288 catholica
742 2248 1073 2295 confirmentur,
1124 2247 1253 2287 multi
1301 2247 1450 2294 etiam,
1500 2248 1549 2286 ut
1595 2258 1700 2285 con-

67 2315 237 2353 stanter
266 2314 418 2361 fertur,
451 2314 506 2353 ad
536 2325 632 2353 eam
662 2315 957 2361 reuertantur,
990 2313 1313 2352 haereticorum
1358 2324 1478 2359 uero,
1510 2323 1700 2363 quorum

68 2390 159 2418 non
189 2378 402 2418 minimus
431 2378 504 2418 hic
532 2381 598 2418 est
627 2390 855 2426 numerus,
887 2379 1036 2418 studia
1082 2380 1124 2418 et
1157 2379 1345 2417 conatus
1375 2377 1697 2428 impediantur:

68 2443 164 2483 sola
193 2444 298 2483 facit
326 2443 649 2483 haereticorum
679 2443 946 2495 principum,
965 2443 1130 2495 quibus
1150 2443 1473 2493 circumseptus
1502 2441 1701 2492 undique

67 2510 135 2548 est
164 2508 389 2556 uicinitas,
421 2511 462 2549 et
491 2510 799 2560 corruptorum
844 2508 1078 2548 hominum
1107 2508 1154 2548 in
1184 2508 1447 2548 seditionem
1482 2506 1698 2558 pronitas,

69 2575 117 2613 ut
146 2574 297 2613 omnia
339 2574 425 2614 ista
454 2586 507 2614 ex
545 2586 652 2625 agro
695 2573 919 2614 dominico
963 2574 1165 2613 funditus
1207 2573 1397 2613 euellere
1444 2584 1536 2612 non
1583 2572 1702 2612 ausit

67 2639 315 2679 catholicus
344 2639 563 2691 princeps.

150 2705 187 2744 7.
220 2704 283 2744 De
312 2705 529 2756 principis
559 2705 698 2746 illust.
731 2707 869 2745 matre
915 2704 1101 2756 eiusque
1148 2704 1285 2745 illust.
1329 2704 1518 2755 coniuge
1560 2704 1701 2744 multa

69 2769 142 2809 hic
171 2770 305 2810 scribi
335 2773 531 2821 possent,
564 2770 642 2810 sed
670 2770 904 2810 breuitatis
943 2771 1086 2821 gratia
1128 2772 1368 2821 praetereo.
1420 2770 1514 2810 Hoc
1561 2781 1702 2809 unum

68 2835 236 2875 dixisse
265 2835 472 2882 sufficiat,
505 2835 662 2875 diuino
690 2835 831 2876 cultui
864 2839 1082 2887 utranque
1129 2847 1226 2875 esse
1267 2835 1620 2882 deuotissimam‚
1660 2836 1703 2874 et

69 2900 125 2939 ad
155 2900 392 2952 collegium
424 2901 507 2940 hoc
536 2902 739 2940 nostrum
768 2902 998 2952 tantopere
1026 2900 1245 2948 affectam,
1268 2902 1317 2940 ut
1350 2912 1581 2951 nunquam
1611 2911 1703 2939 non

132 3043 150 3062 a
170 3035 302 3067 usdam
328 3044 455 3077 supra
479 3044 595 3072 vers„
621 3035 730 3068 delet.
755 3036 908 3069 iustam.

143 3117 305 3145 lammam:
327 3117 604 3152 QUADRIMESTRES.
626 3135 659 3138 —
679 3118 759 3146 Tou.
782 3118 850 3146 VII.
1599 3119 1631 3145 17
