2099 3516
357 314 424 348 788
826 310 1029 347 LITTERAE
1056 311 1400 356 QUADnmss'ars

311 443 386 482 per
414 430 648 469 stultorum
679 430 721 467 et
750 428 1052 478 improborum
1075 428 1305 467 bominum
1335 440 1411 467 ora
1433 440 1534 468 cum
1564 441 1811 470 sermonem
1840 430 1928 470 dis·

310 494 489 545 sipauit,
514 494 658 533 uirum
681 491 1010 531 nobilissimum
1041 504 1066 531 a
1088 492 1216 532 Patre
1241 495 1392 532 nostro
1412 493 1641 544 deceptum
1662 505 1773 543 esse,
1795 496 1927 545 atque

310 571 507 606 suasum‚
527 560 573 597 ut
591 557 849 607 religionem
866 557 1108 607 ingressus,
1128 557 1258 596 nobis
1274 569 1379 597 suas
1396 558 1627 598 facultates
1644 558 1924 610 relinqueret;

309 624 425 675 quod
459 625 657 662 nostrum
686 633 862 672 quoque
900 621 1136 672 collegium
1167 622 1282 661 inter
1311 622 1422 662 alias
1462 635 1703 674 pauperum
1734 623 1926 663 familias

308 688 714 732 commemorasset3
747 697 860 736 quae
889 686 1041 736 opinio
1071 686 1180 725 adeo
1210 686 1256 725 in
1287 687 1605 727 nonnullorum
1635 688 1798 727 animis
1827 700 1927 728 con-

310 754 480 793 firmata
509 753 588 795 est,
613 753 660 790 ut
689 751 871 801 nefarijS
902 750 1069 789 diaboli
1098 751 1332 790 conatibus
1353 751 1522 791 felicem
1552 752 1649 792 eius
1670 753 1731 792 rei
1761 753 1926 792 exitum

310 817 521 867 impedire
560 827 688 865 posse
726 815 932 854 uideatur
961 822 993 854 a.
1027 815 1120 854 Hac
1158 815 1294 866 igitur
1322 817 1578 867 tempestate
1618 817 1814 865 suborta,
1849 818 1926 868 qui

310 894 411 921 uere
453 880 659 920 Societati
698 879 950 926 studebant,
987 879 1044 918 rei
1088 880 1240 930 agnita
1269 880 1469 924 ueritate,
1517 881 1657 932 magis
1687 881 1730 920 in
1777 884 1927 921 nostra

308 945 502 985 amicitia
532 946 636 983 sunt
664 944 935 991 confirmati3
968 956 1047 983 nec
1076 944 1311 984 defuerunt
1340 945 1426 984 uiri
1456 945 1708 992 clarissimi,
1739 946 1815 997 qui
1852 958 1927 985 no-

307 1012 421 1049 stras
449 1011 596 1059 partes
624 1010 777 1047 contra
806 1009 1107 1059 quorumlibet
1135 1009 1476 1048 obtrectationes
1505 1009 1803 1049 defendendas
1832 1022 1927 1050 sus—

307 1074 514 1124 ciperent.
547 1073 697 1123 Neque
718 1084 823 1112 uero
840 1072 939 1112 ideo
959 1072 1264 1112 confitentium
1287 1073 1332 1111 in
1358 1075 1509 1113 nostro
1531 1074 1693 1124 templo
1715 1086 1926 1114 numerus

307 1140 374 1178 est
402 1138 679 1184 imminutus,
702 1137 810 1187 quin
843 1137 991 1188 potius
1020 1137 1184 1185 omnia,
1217 1140 1265 1177 ut
1285 1149 1419 1188 supra
1449 1138 1714 1189 signfficaui,
1738 1151 1851 1190 quae
1872 1139 1927 1178 ad

307 1203 535 1253 templum,
567 1214 740 1253 queque
769 1202 823 1241 ad
854 1202 1031 1241 scholas
1060 1203 1247 1241 attinent
1278 1203 1569 1253 amplificata3
1602 1205 1775 1243 tantum
1812 1204 1927 1243 ueri-

309 1267 411 1306 tatis
441 1267 583 1318 ignari
614 1267 686 1306 uel
716 1266 1064 1317 impugnatores,
1093 1266 1305 1317 neglectis
1334 1266 1509 1317 legibus
1538 1267 1806 1307 christianae
1841 1268 1928 1318 pie-

309 1332 427 1379 tatis,
457 1333 609 1370 contra
639 1343 720 1370 nos
754 1333 869 1370 stare
900 1330 1122 1378 uidentur,
1154 1333 1366 1380 negantes
1405 1343 1534 1382 posse
1563 1343 1662 1371 eum
1692 1343 1823 1371 suum
1853 1344 1927 1383 pa-

308 1396 564 1436 trimonium
608 1396 710 1447 alijs
753 1407 884 1446 quam
931 1396 1025 1435 suis
1056 1396 1267 1435 fratribus
1312 1396 1402 1446 (qui
1433 1398 1539 1435 sunt
1580 1396 1925 1447 opulentissimi)

309 1461 569 1512 relinquere,
602 1461 677 1500 sed
712 1463 1023 1511 superaturum
1053 1460 1264 1500 nimirum
1304 1461 1596 1511 potentiorem
1626 1460 1849 1501 Christum
1881 1456 1927 1500 in

306 1526 435 1566 cuius
466 1527 660 1565 membra
688 1538 737 1564 ea
769 1527 884 1565 bona
912 1526 1073 1565 collata
1102 1528 1207 1565 sunt
1238 1525 1419 1565 minime
1447 1526 1718 1565 dubitamus.
1753 1525 1928 1577 [Preces

302 1593 504 1642 postulat
534 1594 573 1630 et
602 1590 840 1642 valedicit]
863 1591 1089 1629 Bononiae
1119 1590 1224 1629 IIIJ⁰
1246 1590 1346 1629 idus
1376 1590 1602 1641 Februarij
1635 1591 1688 1630 M.
1711 1590 1762 1630 D.
1787 1590 1923 1630 LXIJ.

389 1656 438 1695 R.
472 1657 519 1695 P.
553 1656 599 1695 T.
634 1655 846 1695 minimus
878 1656 924 1694 in
955 1654 1130 1695 Christo
1160 1655 1280 1694 filius

1162 1744 1419 1784 LUDOUICUS
1453 1743 1759 1783 GAGLIARDIUS
1790 1746 1818 1786 ¹,

413 1820 643 1860 Societatis
671 1821 775 1860 Jesu
806 1820 1147 1871 indignissimus
1176 1832 1347 1860 seruus

412 1922 707 1961 Desideratur
734 1923 983 1971 inscriptio.

1062 2156 1173 2203 629

902 2294 1328 2344 VENEGAS

770 2442 977 2468 MONTULIA
1006 2432 1049 2467 10
1075 2442 1295 2467 FEBRUARII
1325 2432 1415 2467 1562
1439 2432 1463 2467 2.

306 2556 343 2589 1.
375 2552 606 2591 Sociorum
649 2564 867 2591 numerus
910 2553 949 2590 et
994 2552 1213 2590 valetudo.
1247 2574 1297 2577 —
1332 2555 1372 2589 2.
1409 2551 1654 2590 Contiones.
1698 2552 1926 2601 Frequens

413 2630 655 2657 concursus
702 2618 759 2656 ad
806 2618 1090 2655 sacramenta
1136 2617 1434 2665 suscipienda.
1472 2616 1631 2655 Carcer
1668 2617 1708 2655 et
1749 2628 1925 2654 nosoco-

410 2684 552 2721 mium
593 2683 859 2721 invisuntur
888 2694 915 2720 a
944 2682 1091 2720 sociis.
1124 2703 1174 2707 —
1205 2685 1294 2719 3-4.
1325 2681 1590 2720 Scholarum
1635 2681 1844 2728 ordines;
1872 2693 1924 2719 ew

412 2760 604 2796 quorum
634 2748 786 2796 infimo
817 2747 962 2785 multa
991 2746 1103 2785 bona
1127 2748 1420 2796 promanant.

368 2908 387 2925 a
406 2899 567 2931 Emoncl.
591 2909 638 2931 ox
661 2899 862 2931 uideretur.

370 3030 378 3046 ¹
402 3029 493 3061 Vide
518 3039 550 3070 p.
574 3030 645 3061 333.

370 3084 380 3099 2
404 3081 455 3113 Ex
478 3082 610 3122 origin.
637 3083 675 3113 in
699 3083 776 3114 cod.
802 3081 914 3122 Hisp.
940 3081 1000 3117 99,
1026 3080 1049 3113 f.
1074 3081 1131 3120 833
1157 3080 1261 3121 prius
1282 3080 1353 3112 371.
