2099 3516
401 288 471 324 694
871 290 1075 326 LITTERAE
1102 289 1446 333 QUADRIMESTRES

354 407 469 457 phus
489 409 660 453 acutus,
679 410 826 447 orator
854 409 1105 454 vehemens,
1129 407 1363 458 theologus
1386 406 1645 457 profundus,
1666 410 1968 459 propugnator

354 471 454 510 fidei
484 472 754 511 orthodoxae
787 473 1027 512 acerrimus
1071 471 1193 511 iuxta
1223 483 1272 510 ac
1302 471 1671 512 feruentissimus.
1704 472 1747 511 Is
1776 472 1969 523 profecto

355 548 422 577 me
443 536 527 576 sibi
558 536 619 576 ita
639 537 853 584 deuinxit,
872 539 918 576 vt
938 537 1065 575 illum
1088 547 1176 575 non
1198 535 1346 575 minus
1367 547 1515 586 prope,
1537 548 1671 587 quam
1691 538 1747 584 te,
1769 536 1968 587 diligam,

353 613 403 641 ac
432 601 588 641 colam.
621 601 738 640 Haec
767 601 854 640 ille.
904 601 951 639 In
982 600 1124 651 logica
1168 599 1356 639 lectione
1383 600 1480 639 loco
1510 600 1564 639 M.
1598 600 1817 640 Hermetis
1846 600 1971 640 docet

354 666 409 706 M.
441 665 707 706 Guilielmus
728 665 1050 716 Lymburgius3
1074 664 1160 712 cui,
1184 667 1232 704 ut
1252 676 1495 715 speramus,
1528 664 1579 704 R.
1598 664 1646 705 T.
1667 665 1792 704 breui
1809 665 1971 704 substi-

355 733 446 771 tuet
474 730 788 782 philosophum
811 731 893 770 hac
923 730 1195 781 professione
1215 730 1415 781 dignum.
1440 730 1586 781 Pergit
1606 742 1759 781 graece
1779 730 1833 771 M.
1856 730 1971 770 Hen-

354 795 471 835 ricus
514 795 706 846 profiteri
750 797 901 845 gratus
930 797 971 834 et
1001 794 1095 845 ipse
1139 794 1434 842 auditoribus,
1466 794 1630 846 quibus
1664 794 1751 834 iam
1780 806 1970 834 accesse-

354 861 457 899 runt
485 859 625 899 nostri
657 859 820 909 primae
854 859 1010 898 classis
1039 858 1263 908 discipuli,
1286 858 1363 910 qui
1400 858 1447 898 in
1478 858 1652 909 priuata
1680 858 1831 898 schola
1861 859 1970 898 adeo

354 924 645 975 profecerunt,
679 926 721 962 vt
750 924 804 963 ad
837 923 1057 974 publicam
1088 923 1319 962 lectionem
1363 923 1510 963 idonei
1540 925 1836 963 censerentur.
1869 923 1972 963 Plu-

354 1000 437 1036 res,
469 1000 601 1039 quam
631 990 774 1035 antea,
803 988 974 1028 nobiles
1004 987 1319 1036 adolescenteS,
1343 999 1389 1027 se
1419 988 1583 1027 nostris
1611 987 1851 1027 adiunxere
1871 1000 1971 1028 con-

354 1053 614 1100 uictoribus,
647 1055 777 1104 atque
820 1053 1046 1093 studiosis.
1094 1053 1211 1092 Inter
1253 1053 1335 1092 hos
1379 1053 1467 1092 duo
1509 1052 1559 1093 N.
1591 1052 1763 1092 Ernesti
1791 1052 1971 1092 aBaua·

354 1118 444 1157 riae
473 1118 697 1168 quondam
733 1117 868 1157 Ducis
898 1117 976 1157 filii
1008 1120 1035 1158 1.
1068 1118 1117 1156 In
1161 1117 1363 1168 proxima
1405 1117 1654 1157 studiorum
1684 1117 1971 1157 renouatione

353 1182 541 1222 studiosi
570 1182 751 1233 quidam
782 1182 1020 1221 recitarunt
1040 1182 1276 1229 orationes,
1299 1184 1341 1221 et
1371 1184 1571 1233 poemata
1600 1182 1646 1221 in
1675 1193 1835 1221 corona
1856 1193 1970 1221 com-

354 1247 619 1294 militonum,
664 1246 740 1297 qui
789 1258 883 1285 mos
945 1249 1010 1286 est
1054 1246 1372 1287 vsitatissimus
1415 1247 1486 1298 ijs,
1531 1247 1607 1298 qui
1659 1246 1823 1298 primae
1866 1248 1971 1286 sunt

353 1311 536 1359 classis,
568 1323 656 1362 qua
685 1311 731 1350 in
761 1324 806 1350 re
848 1314 1019 1351 tantum
1067 1312 1356 1362 profecerunt,
1389 1314 1433 1351 vt
1476 1312 1726 1351 dialectices
1768 1312 1878 1351 fines
1906 1311 1971 1350 in-

353 1376 507 1427 gressi,
539 1376 714 1427 iamque
743 1376 854 1416 duas
884 1377 1094 1416 lectiones
1123 1376 1324 1427 publicas
1359 1376 1557 1428 quotidie
1585 1376 1738 1416 audire
1768 1375 1970 1427 permissi

353 1441 456 1481 sint.
490 1441 715 1480 Intersunt
743 1453 895 1481 omnes
926 1441 1133 1492 discipuli
1178 1441 1439 1492 quotidiano
1478 1453 1617 1488 sacro,
1649 1441 1777 1480 cuius
1820 1440 1970 1480 minis-

353 1506 469 1544 trum
499 1516 544 1544 se
575 1506 795 1555 praebere,
828 1508 873 1545 vt
902 1508 1030 1545 antea
1074 1506 1288 1556 putabant
1322 1506 1622 1553 inhonestum,
1655 1505 1716 1545 ita
1745 1517 1864 1545 nunc
1893 1516 1970 1555 pro

353 1569 483 1609 laude
511 1570 680 1609 ducunt
708 1570 840 1609 etiam
871 1570 1111 1609 nobiliores
1140 1573 1182 1610 et
1210 1570 1442 1618 doctiores,
1464 1570 1539 1621 qui
1570 1570 1784 1609 modestia
1813 1571 1855 1609 et
1882 1569 1972 1620 pie-

353 1635 440 1673 tate
470 1634 611 1685 magis
641 1634 869 1685 magisque
898 1646 944 1674 se
974 1635 1161 1674 reddunt
1191 1635 1467 1685 spectabiles.
1491 1634 1617 1685 Quod
1646 1646 1745 1674 cum
1776 1634 1971 1673 animad-

353 1710 528 1738 versum
558 1701 673 1738 esset
701 1711 725 1738 a
756 1700 862 1738 R.¹¹10
892 1699 1098 1750 episcopo
1127 1701 1363 1751 eystatensi
1385 1701 1415 1746 2,
1445 1700 1495 1739 10
1520 1700 1705 1740 iuuenes
1734 1699 1970 1739 canonicos

352 1765 394 1802 et
423 1763 560 1803 sacris
602 1764 835 1803 ordinibus
870 1764 1083 1812 initiatos,
1116 1776 1227 1815 quos
1257 1764 1302 1803 in
1332 1765 1510 1815 publico
1540 1764 1686 1804 alebat
1721 1763 1968 1815 gymnasio,

352 1828 670 1868 examinandos
699 1829 864 1868 nostris
888 1829 1063 1875 obtulit,
1086 1832 1128 1868 et
1156 1829 1447 1875 examinatos,
1469 1829 1689 1868 classibus
1720 1840 1797 1880 pro
1825 1827 1971 1868 cuius-

352 1905 436 1944 que
465 1893 718 1933 conditione
761 1894 1019 1933 inserendos
1057 1894 1244 1933 curauit.
1293 1895 1341 1933 In
1372 1894 1443 1933 his
1472 1894 1651 1945 quidam
1687 1895 1791 1933 sunt
1822 1894 1970 1932 bacca-

352 1957 492 1996 laurei
539 1957 715 2005 artium,
747 1970 900 1998 omnes
932 1970 1031 1998 vero
1074 1970 1125 1998 eo
1167 1959 1338 2007 habitu,
1370 1959 1447 2010 qui
1490 1958 1793 1998 sacerdotibus
1836 1958 1970 1998 huius

352 2022 518 2072 patriae
549 2024 796 2063 communis
827 2026 905 2071 est,
941 2024 1100 2064 vestiti.

431 2087 468 2126 5.
502 2087 557 2126 Vt
587 2087 633 2126 in
663 2088 846 2139 reliquis
867 2088 950 2127 sim
973 2088 1159 2135 brevior,
1183 2090 1385 2128 seruatur
1414 2088 1646 2128 Societatis
1675 2091 1850 2127 nostrae
1870 2100 1971 2127 con-

352 2151 540 2191 suetudo
570 2151 616 2191 in
658 2152 948 2192 concionibus
977 2155 1018 2192 et
1061 2153 1445 2193 exhortationibus
1474 2153 1666 2204 publicis
1695 2155 1737 2192 et
1766 2152 1966 2204 priuatis.

353 2216 551 2256 Habetur
580 2217 632 2256 de
663 2229 782 2256 more
826 2217 948 2257 festis
978 2218 1136 2257 diebus
1166 2230 1309 2257 sermo
1348 2218 1515 2257 latinus
1559 2218 1615 2257 ad
1658 2218 1898 2265 studiosos,
1929 2219 1970 2257 et

352 2281 632 2331 germanicus
662 2282 717 2321 ad
747 2283 975 2333 populum.
1009 2282 1230 2330 Fructum,
1263 2283 1357 2323 dies
1387 2283 1596 2323 omnibus
1626 2283 1792 2322 sanctis
1821 2294 1970 2322 conse-

351 2348 514 2394 cratus,
559 2349 601 2386 et
643 2347 776 2386 feriae
819 2347 1053 2387 nataliciae
1094 2348 1323 2387 manifeste
1363 2348 1665 2399 prodiderunt.
1712 2347 1814 2388 Fuit
1850 2347 1969 2387 enim

353 2410 510 2461 ingens
552 2411 853 2451 accedentium
883 2412 937 2451 ad
981 2423 1177 2451 mensam
1222 2412 1399 2451 Domini
1431 2414 1535 2452 tunc
1566 2423 1776 2452 numerus
1804 2411 1969 2451 studio-

352 2486 501 2514 sorum
532 2477 573 2515 et
601 2475 768 2515 ciuium
800 2476 1075 2527 maximeque
1106 2476 1355 2524 mulierum,
1378 2479 1573 2528 quantus
1603 2476 1648 2516 in
1678 2477 1760 2516 hac
1789 2476 1970 2516 insolita

413 2686 432 2705 a
452 2675 597 2707 Ernesti
620 2675 712 2708 add.
737 2675 824 2707 alia
846 2685 982 2709 manu.

414 2849 424 2866 ¹
448 2847 615 2879 Iustinus
638 2848 674 2879 et
697 2847 942 2886 Iustinianus,
961 2848 1065 2879 ducis
1082 2848 1226 2880 Ernesti
1251 2848 1316 2880 filii
1335 2849 1535 2881 naturales.
1554 2848 1605 2881 Cf.
1624 2848 1814 2880 MEDERER:
1833 2848 1968 2880 Anna-

352 2900 407 2932 les
423 2900 755 2940 Inyolstadiewse's
778 2900 1027 2934 Academiae.
1053 2901 1079 2935 Ῐ.
1104 2901 1175 2933 262.
1202 2902 1282 2933 Dux
1306 2901 1484 2934 Ernestus
1510 2902 1603 2934 obiit
1627 2911 1750 2934 mense
1774 2902 1856 2934 Dec.
1876 2902 1966 2934 1560.

352 2952 403 2984 Cf.
422 2952 622 2985 CHIUSOLE:
652 2952 901 2993 Geweatoym,
927 2953 1001 2985 tab.
1027 2952 1186 2988 CXXVI:
1213 2954 1344 2993 EUREL,
1371 2954 1430 2993 III,
1462 2955 1533 2993 288,
1558 2955 1634 2993 309;
1657 2953 1897 2995 Allyemeine
1919 2953 1965 2987 D.

352 3005 604 3046 Bioqrapleie,
630 3005 690 3045 VI,
714 3006 785 3038 249.

414 3061 426 3078 2
448 3058 629 3091 Martinus
653 3068 674 3091 a
697 3058 958 3100 Schaumberg.
