2099 3516
369 290 435 325 786
834 285 1038 321 LITTERAE
1071 284 1415 328 QUADRIMESTRES

322 410 408 447 tem
439 406 559 445 illam
591 405 637 443 in
666 403 830 453 templo
860 402 1106 441 insomnem
1138 401 1310 448 ducere,
1343 403 1548 451 uotaque,
1571 400 1734 451 quibus
1763 412 1810 439 se
1841 401 1938 439 bea-

323 474 391 511 tae
420 471 485 509 illi
518 468 679 519 virgini
709 467 1057 514 obstrinxerunt,
1089 466 1261 505 soluere
1292 477 1369 516 pro
1399 477 1517 504 more
1546 464 1859 512 instituissent;
1882 465 1938 504 ad

322 548 417 575 eam
448 533 778 574 multitudinem
808 532 859 571 R.
894 532 939 571 P.
971 531 1129 570 Rector
1157 530 1413 569 concionem
1443 530 1613 576 habuit,
1647 529 1693 568 in
1722 541 1810 580 qua
1838 541 1936 569 cum

323 600 554 651 praecipue
585 598 639 636 ad
661 598 939 647 peccatorum
960 595 1112 634 sordes
1133 606 1209 645 per
1228 606 1380 634 eorum
1400 594 1722 633 confessionem
1751 593 1943 633 luendas

323 663 636 715 pudicissimae
657 669 675 687 a
693 673 742 700 ac
763 660 1070 700 sanctissimae
1092 659 1278 709 virginis
1298 659 1496 709 exemplo
1525 658 1544 684 ¹³
1575 660 1689 697 esset
1718 658 1937 705 hortatus,

323 730 384 767 ita
413 736 426 754 ⁰
449 739 602 767 omnes
632 738 682 765 eo
712 737 913 764 sermone
936 724 1119 775 permoti
1141 726 1260 771 sunt,
1283 725 1332 762 ut
1356 723 1468 762 duos
1488 722 1736 762 sacerdotes
1756 722 1938 761 audien-

321 794 390 833 dis
419 804 569 831 eorum
599 790 956 830 confessionibus
987 801 1127 840 usque
1156 789 1210 828 ad
1257 789 1439 827 multam
1482 790 1653 827 noctem
1696 787 1940 838 oportuerit

324 858 533 908 uigilare,
567 856 641 895 ubi
674 867 777 894 uero
807 855 901 893 dies
931 854 1093 898 illuxit,
1126 865 1279 892 omnes
1310 853 1397 892 fere
1426 853 1502 903 qui
1529 851 1718 891 confessi
1749 852 1937 898 fuerant,

322 923 647 961 sacrosanctam
678 919 878 970 synaxim
912 920 1214 968 susceperunt,
1238 917 1455 967 multique
1487 918 1707 967 praeterea
1736 927 1786 955 eo
1816 916 1886 955 die
1915 928 1939 955 a

322 986 486 1025 nostris
517 984 715 1035 persuasi
742 984 857 1023 idem
879 984 1088 1029 fecerunt,
1111 994 1210 1021 cum
1232 985 1378 1021 tamen
1399 993 1451 1020 ea
1470 982 1522 1020 de
1552 993 1596 1020 re
1621 981 1789 1020 nullam
1811 983 1940 1019 antea

321 1051 632 1102 cogitationem
653 1048 975 1099 suscepissent3
1008 1059 1121 1098 quae
1141 1047 1317 1098 quidem
1349 1058 1400 1085 eo
1430 1046 1531 1097 plus
1560 1045 1867 1085 admirationis
1893 1045 1938 1084 in

322 1128 367 1155 se
397 1116 663 1160 habuerunt,
695 1125 782 1164 quo
813 1113 955 1163 magis
984 1114 1113 1151 antea
1144 1112 1303 1151 festum
1334 1111 1445 1151 illud
1488 1110 1622 1158 ludis,
1654 1110 1840 1153 choreis,
1872 1121 1942 1149 ce-

322 1180 513 1230 terisque
544 1179 587 1217 id
617 1190 758 1229 genus
788 1177 1037 1217 rationibus
1067 1177 1228 1217 uiolari
1273 1177 1423 1216 uerius
1466 1187 1598 1226 quam
1633 1174 1843 1214 celebrari
1873 1186 1941 1214 so-

322 1245 452 1284 lebat.

402 1310 438 1348 7.
472 1309 597 1358 Quod
627 1308 682 1347 ad
717 1308 901 1347 fratrum
945 1306 1242 1346 necessarium
1273 1306 1440 1345 uictum
1470 1304 1488 1331 d
1521 1305 1819 1355 uestitumque
1848 1316 1943 1355 per-

322 1374 446 1420 tinet,
477 1373 559 1412 etsi
603 1372 716 1412 nulli
760 1371 890 1411 nobis
932 1373 1037 1411 sunt
1078 1371 1184 1410 certi
1218 1370 1431 1417 redditus,
1463 1369 1578 1409 nihil
1611 1371 1755 1408 tamen
1787 1369 1941 1408 diuina

323 1438 575 1489 benignitas
604 1437 734 1476 nobis
764 1436 931 1486 patitur
959 1437 1133 1483 deesse;
1166 1435 1275 1486 quin
1309 1435 1440 1474 etiam
1476 1436 1646 1485 praeter
1673 1446 1724 1472 ea
1752 1445 1865 1484 quae
1895 1433 1940 1472 in

322 1502 586 1542 domesticos
617 1514 725 1541 usus
754 1501 1084 1552 impenduntur,
1116 1501 1403 1551 praecipuum
1424 1499 1576 1550 templi
1605 1499 1758 1547 altare,
1790 1498 1941 1538 tabula

321 1568 512 1618 quadam
542 1566 853 1617 pulcherrimis
883 1574 898 1592 θ
920 1566 1193 1617 imaginibus
1222 1565 1353 1616 picta,
1385 1576 1581 1615 auroque
1615 1564 1802 1615 fulgenti
1832 1566 1898 1603 est
1929 1562 1942 1588 f

322 1635 598 1680 exornatum,
629 1635 669 1671 et
700 1634 922 1683 praeterea
952 1633 1143 1682 quatuor
1166 1631 1299 1670 etiam
1329 1630 1492 1681 angeli,
1516 1640 1752 1680 puerorum
1773 1628 1945 1679 magni·

322 1697 467 1736 tudini
499 1708 639 1747 pares,
671 1696 760 1736 ficti
790 1697 909 1743 sunt,
941 1706 1138 1746 auroque
1167 1695 1271 1734 item
1301 1694 1507 1745 cooperti,
1529 1693 1605 1744 qui
1627 1692 1808 1732 mirifice
1838 1704 1941 1732 ean-

323 1761 421 1801 dem
442 1773 561 1800 aram
584 1761 825 1810 illustrant,
848 1762 979 1811 atque
1008 1762 1188 1810 aspectu
1212 1760 1413 1799 decorem
1433 1758 1641 1798 efficiunt.
1666 1757 1811 1808 Atque
1831 1757 1939 1797 haec

323 1826 501 1877 quidem
540 1826 689 1865 omnia
728 1838 780 1865 ex
810 1825 985 1876 piorum
1028 1825 1259 1864 hominum
1299 1823 1592 1874 eleemosynis
1621 1822 1776 1862 diuina
1810 1822 1942 1861 nobis

323 1891 603 1941 prouidentia
633 1890 807 1929 collatis
836 1890 1028 1940 profecta
1058 1891 1175 1928 sunt.
1209 1888 1325 1929 Clari
1360 1888 1541 1938 quidam
1575 1887 1696 1927 ciues
1743 1887 1941 1926 redditus

322 1955 537 2006 quosdam
559 1955 880 1995 ecclesiasticos
901 1966 953 1993 ex
972 1954 1136 2005 quibus
1156 1953 1398 2004 octingenti
1419 1953 1553 1992 ferme
1573 1952 1695 1992 aurei
1711 1959 1730 1985 g
1750 1951 1941 2002 singulis

322 2020 454 2059 annis
482 2020 536 2059 ad
567 2023 766 2059 nostrum
797 2019 1030 2070 collegium
1063 2018 1281 2064 uenirent,
1309 2018 1438 2057 nobis
1467 2018 1737 2056 obtulerunt.
1761 2015 1844 2056 Sed
1866 2027 1941 2055 eos

323 2085 378 2124 ob
408 2085 655 2124 animarum
686 2096 836 2123 curam
867 2084 938 2124 cui
968 2095 1267 2134 possessorem
1287 2083 1548 2122 obstrictum
1571 2093 1666 2121 esse
1695 2081 1940 2132 oportebat,

323 2150 374 2188 R.
408 2150 455 2188 P.
489 2150 647 2188 Rector
689 2149 884 2199 accipere
927 2148 1162 2188 recusauit.
1194 2147 1368 2186 Nobilis
1410 2149 1557 2186 autem
1602 2146 1678 2185 illa
1722 2147 1938 2189 matrona,

322 2226 435 2265 quae
464 2226 542 2264 pro
572 2226 653 2253 sua
683 2214 728 2253 in
759 2214 899 2253 Deum
930 2213 1090 2263 pietate
1121 2212 1332 2251 maternis
1374 2224 1477 2262 erga
1511 2223 1593 2250 nos
1622 2210 1823 2261 fungitur
1851 2210 1941 2249 offi-

323 2279 403 2330 cijs
434 2281 462 2326 1,
493 2279 798 2329 superioribus
826 2278 984 2317 diebus
1013 2277 1175 2316 sericas
1204 2279 1469 2327 auratasque
1498 2278 1644 2315 uestes
1674 2276 1729 2314 ad
1759 2287 1840 2314 nos
1861 2274 1939 2313 mi-

323 2344 395 2391 sit,
427 2345 469 2383 et
498 2344 586 2382 alia
616 2343 871 2383 huiusmodi
903 2342 1052 2393 magni
1083 2353 1189 2381 sane
1229 2341 1399 2392 praetij,
1432 2353 1544 2392 quae
1588 2341 1633 2379 in
1676 2340 1845 2380 diuinis
1875 2351 1943 2379 sa-

322 2408 499 2459 crificijs
529 2408 630 2447 usui
660 2420 755 2447 esse
797 2408 956 2455 solent,
987 2407 1163 2458 copiose
1205 2406 1586 2453 subministrauit;
1624 2406 1805 2445 domum
1834 2416 1940 2444 uero

324 2475 519 2512 nostram
550 2473 700 2512 linteis
743 2475 784 2512 et
826 2472 1079 2516 sudariolis,
1111 2471 1354 2521 ceterisque
1384 2471 1428 2509 id
1459 2482 1600 2521 genus
1629 2471 1760 2509 rebus
1789 2469 1940 2508 admo-

323 2537 427 2576 dum
459 2537 734 2588 necessarijs,
767 2536 1068 2587 locupletauit.
1101 2536 1319 2574 Dominus
1342 2535 1408 2574 illi
1431 2547 1508 2586 pro
1529 2535 1714 2574 terrenis
1734 2533 1939 2573 caelestia

324 2602 482 2640 referat
510 2602 639 2640 dona.

402 2666 439 2705 8.
472 2666 553 2705 Hic
578 2666 702 2705 nulla
722 2666 892 2705 ratione
913 2665 1181 2704 reticendum
1203 2676 1297 2703 esse
1318 2664 1507 2703 arbitror
1527 2664 1688 2703 mirum
1709 2662 1935 2713 quiddam,

324 2730 441 2779 quod
471 2730 548 2769 uni
578 2742 630 2769 ex
660 2731 746 2782 pijS
776 2730 866 2769 illis
897 2729 1173 2775 mulieribus,
1198 2741 1309 2779 quae
1330 2731 1371 2767 et
1391 2728 1512 2778 ipsae
1533 2740 1611 2778 pro
1631 2739 1712 2767 sua
1733 2727 1778 2765 in
1801 2726 1936 2765 Deum

385 2884 401 2902 a
423 2876 583 2908 Emcnd.
608 2885 655 2908 etr
677 2875 895 2917 pudiciciae.
921 2893 960 2897 -—
983 2874 1001 2901 b
1018 2874 1183 2914 exemplo
1205 2883 1332 2914 snpra
1356 2882 1455 2905 vers.
1474 2892 1513 2895 —
1533 2882 1549 2900 e
1569 2873 1651 2905 Del.
1676 2873 1730 2905 ut.
1754 2890 1794 2894 ——
1816 2871 1835 2898 d
1855 2871 1937 2904 Del.

324 2929 371 2960 et.
396 2947 433 2951 ——
458 2937 473 2955 e
494 2929 653 2961 Emencl.
679 2938 726 2961 ex
748 2928 979 2969 pulchribus.
1006 2945 1045 2949 —
1067 2927 1080 2953 f
1104 2927 1160 2958 est
1183 2935 1309 2967 supra
1338 2935 1439 2959 vers.
1463 2945 1503 2949 —
1525 2934 1544 2960 g
1564 2925 1646 2958 auri
1670 2934 1744 2957 ms.

387 3048 393 3064 ¹
420 3046 511 3078 Vide
534 3055 567 3086 p.
592 3047 664 3086 326,
688 3048 814 3078 annot.
839 3047 870 3078 2.
