2099 3516
451 260 531 296 570.
560 280 601 285 —
628 259 874 296 VINDOBONA
902 259 915 294 1
947 259 1204 295 SEPTEMBRIS
1231 258 1319 294 1561
1587 257 1656 293 509

75 382 246 427 natum,
278 391 354 430 per
383 379 613 418 Rectorem
643 380 846 418 nostrum
875 378 981 416 sunt
1010 376 1056 416 in
1086 375 1364 427 Hungariam
1395 375 1570 414 missae.
1605 375 1702 420 His,

76 445 143 496 (ut
170 445 224 484 de
253 444 356 496 alijs
385 444 441 483 ad
474 443 694 495 principes
723 443 940 494 quosdam
971 441 1097 481 illius
1126 441 1266 492 regni,
1299 440 1483 480 eandem
1518 440 1575 479 ob
1604 452 1706 479 cau-

75 521 186 557 sam,
218 508 368 548 missis
398 508 513 547 nihil
543 507 720 547 interim
750 507 910 557 dicam)
941 508 984 545 et
1012 506 1173 545 affectu
1216 504 1452 556 singulari,
1483 516 1571 555 quo
1602 515 1705 543 nos-

74 576 168 614 tros
196 578 291 614 tum
320 573 582 624 capitulum,
614 585 748 624 quam
778 574 960 612 senatus
993 572 1337 622 prosequuntur,
1370 569 1573 621 permoti,
1596 569 1706 608 citra

76 651 245 679 moram
275 639 421 679 soluta
451 638 534 678 fuit
563 650 617 677 ex
646 639 818 690 integro
847 637 1007 677 domus
1049 636 1238 687 collegio
1281 637 1442 686 empta.
1481 634 1705 674 Translati

75 716 252 756 quoque
281 704 421 744 nostri
451 703 507 743 ad
536 704 736 751 eandem,
759 704 977 743 bonorum
1008 701 1203 753 auxilijs,
1225 700 1378 740 eodem
1409 700 1479 739 die
1510 700 1703 739 fuerunt.

76 769 218 820 Quam
247 769 469 820 laetanijs,
502 768 768 820 disciplinis,
801 770 933 819 atque
962 779 1007 807 re
1036 778 1162 806 sacra
1205 768 1311 806 tunc
1353 765 1547 816 primum
1585 763 1706 803 dedi-

75 836 289 875 cauerunt
332 834 437 873 Deo.
484 834 735 874 Eorundem
778 845 911 884 opera
955 834 1243 883 patronorum
1287 832 1419 882 atque
1462 829 1707 885 amicorum

75 900 211 951 empti
241 899 391 939 statim
421 899 595 946 lateres,
628 911 717 938 non
750 898 877 949 pauci
908 897 1043 937 simul
1073 908 1172 936 cum
1203 896 1321 935 calce
1351 895 1532 935 domum
1577 894 1708 933 adue-

76 966 310 1005 hebantur.
344 964 457 1004 Muri
488 967 635 1004 autem
667 966 835 1004 veteres
866 975 955 1002 non
986 962 1117 1002 modo
1162 964 1267 1001 tunc
1306 960 1518 1012 temporis
1547 959 1708 999 deicie-

77 1031 253 1078 bantur,
286 1030 362 1070 sed
391 1042 469 1081 per
498 1029 759 1081 primarium
790 1028 992 1069 Caesaris
1022 1027 1328 1073 architectum,
1360 1026 1437 1077 qui
1482 1037 1548 1073 eo,
1580 1025 1708 1064 iussu

76 1096 290 1143 eiusdem,
336 1095 392 1134 ad
435 1095 518 1134 1106
562 1095 646 1134 fuit
689 1094 870 1141 missus,
903 1093 1042 1133 futuri
1085 1091 1260 1143 collegij
1306 1090 1528 1142 designati
1565 1089 1709 1139 (cuius

76 1161 301 1212 exemplar
329 1161 454 1200 breui
477 1160 525 1201 T.
546 1161 597 1200 R.
618 1160 665 1199 P.
685 1159 927 1208 mittemus)
961 1157 1266 1204 fundamenta,
1297 1168 1350 1196 ex
1380 1156 1519 1195 altero
1549 1155 1710 1194 domus

77 1226 240 1266 ueteris
260 1226 395 1265 latere
421 1225 746 1277 aperiebantur.
770 1223 1095 1263 promissiones
1126 1234 1232 1262 uero
1262 1233 1449 1272 magnae
1478 1233 1502 1260 a
1533 1219 1710 1260 ciuibus

77 1291 232 1338 factae,
263 1293 396 1342 atque
425 1303 479 1330 ex
508 1292 630 1342 parte
672 1289 911 1340 praestitae
940 1290 1060 1329 sunt.
1091 1287 1212 1337 Quae
1241 1287 1279 1326 si
1309 1298 1362 1326 ex
1400 1286 1573 1337 integro
1617 1284 1711 1324 red-

77 1357 255 1405 dantur,
302 1358 349 1396 ut
392 1367 637 1406 speramus,
682 1354 914 1401 decimam,
960 1353 1050 1392 imo
1092 1364 1214 1400 uero,
1247 1354 1296 1392 ut
1338 1351 1520 1403 quidam
1565 1349 1707 1397 aiunt,

78 1424 283 1473 quartam
312 1433 607 1472 expensarum
638 1422 805 1471 partem
836 1419 974 1459 totius
1004 1418 1192 1469 aedifici]
1226 1417 1354 1457 facile
1383 1416 1608 1456 excedent.
1642 1415 1711 1454 Ad

78 1487 186 1526 haec
215 1486 328 1526 ursit
357 1486 473 1526 idem
495 1486 653 1525 Rector
681 1485 765 1524 hoc
796 1484 1052 1523 institutum
1082 1482 1287 1529 ulterius,
1311 1493 1400 1521 non
1431 1480 1562 1520 modo
1592 1479 1711 1531 apud

78 1552 339 1604 capitulum,
371 1551 448 1591 sed
491 1550 606 1601 apud
653 1549 767 1589 alios
809 1560 986 1600 quoque
1028 1560 1119 1588 non
1163 1548 1333 1598 absque
1376 1546 1536 1586 fructu.
1574 1545 1708 1591 Haec,

78 1617 214 1657 trium
244 1617 388 1668 spatio
418 1616 507 1655 fere
536 1615 931 1661 hebdomadarum,
959 1614 1125 1665 quibus
1146 1624 1287 1664 nuper
1307 1612 1354 1651 in
1375 1610 1605 1662 Hungaria
1636 1609 1712 1649 ille

78 1682 183 1734 egit,
206 1682 336 1723 Chro.
362 1682 458 1721 Ihu.
493 1681 603 1720 bene
634 1680 842 1731 propitio,
865 1679 1229 1730 expediebantur.
1258 1677 1409 1729 Neque
1438 1676 1557 1716 enim
1588 1676 1712 1727 prius

79 1748 205 1787 illinc
233 1748 319 1787 11116
350 1746 521 1798 regredi
551 1746 607 1785 ad
636 1758 718 1785 nos
762 1745 922 1791 uoluit,
963 1756 1094 1795 quam
1141 1744 1249 1783 11666
1292 1743 1404 1794 ipsa,
1437 1753 1550 1792 quae
1580 1741 1712 1780 modo

79 1813 329 1860 retulimus,
361 1824 459 1852 cum
492 1812 598 1859 illis,
630 1823 715 1862 que
744 1811 797 1850 ad
830 1810 1109 1861 spiritualem
1140 1809 1369 1855 fabricam,
1402 1808 1712 1856 internamque

79 1878 254 1929 collegij
299 1877 663 1917 constitutionem
706 1878 921 1927 spectant,
953 1875 1288 1914 conficerentur.
1322 1872 1417 1922 Qua
1448 1884 1492 1911 re
1535 1871 1713 1922 cognita

80 1943 230 1995 plures
273 1942 492 1982 aedificati
535 1941 669 1981 simul
713 1943 846 1992 atque
889 1952 1040 1980 eorum
1081 1939 1220 1979 animi
1251 1938 1429 1978 excitati
1459 1937 1514 1976 ad
1544 1936 1714 1976 maiora

79 2009 167 2048 11161
198 2010 316 2049 sunt.
347 2008 473 2057 Quod
504 2019 620 2054 cum,
652 2009 824 2058 praeter
868 2008 1074 2053 mentem,
1106 2005 1356 2054 scitumque
1400 2002 1615 2050 Rectoris,
1658 2000 1714 2040 ad

80 2074 214 2125 legati
257 2073 489 2124 apostolici
534 2084 678 2119 aures,
724 2084 773 2111 66
817 2071 1009 2111 aliorum
1058 2070 1367 2121 episcoporum
1412 2067 1710 2119 peruenisset,

80 2140 223 2190 primo
252 2138 431 2190 quidem
463 2138 644 2177 maioris
673 2137 899 2177 hominem
943 2136 1085 2176 facere
1123 2136 1385 2186 coeperunt;
1418 2133 1578 2173 deinde
1607 2143 1714 2171 uero

82 2205 263 2256 Posonij
313 2216 411 2244 cum
458 2205 545 2243 11116
574 2205 882 2250 reuerteretur,
915 2201 1136 2253 singulari
1165 2199 1445 2240 humanitate
1474 2197 1593 2249 apud
1624 2198 1714 2237 ΗΠ]

82 2270 246 2310 Dnum.
279 2269 484 2319 Quinque
514 2268 824 2308 ecclesiensem
856 2270 867 2291 ¹
899 2268 955 2306 ab
985 2267 1143 2318 iJ‘sdem
1174 2265 1258 2305 fuit
1287 2265 1343 2304 ad
1372 2275 1556 2304 coenam
1586 2274 1717 2302 uoca-

82 2337 155 2375 tus
197 2337 330 2385 atque
372 2336 596 2385 exceptus,
628 2345 720 2373 non
749 2333 858 2373 citra
888 2332 1112 2384 quandam
1144 2330 1341 2371 eiusdem
1373 2328 1511 2368 animi
1541 2328 1715 2367 desola-

81 2401 271 2448 tionem;
317 2412 415 2440 eam
458 2399 648 2439 maxime
690 2399 747 2438 ob
790 2410 987 2445 causam,
1034 2397 1153 2448 quod
1197 2396 1450 2447 frequenter
1495 2394 1548 2433 de
1584 2394 1716 2432 rebus

81 2466 224 2517 ipsius
253 2466 299 2504 in
328 2465 479 2505 eadem
512 2476 679 2511 mensa,
711 2475 859 2503 coram
890 2462 1095 2513 pluribus
1126 2461 1292 2513 ignotis
1324 2460 1507 2510 (quibus
1538 2460 1717 2509 propter

82 2531 371 2582 semetipsum
414 2529 670 2581 incognitus
718 2529 877 2568 fuisset
924 2527 1153 2569 libentius)
1204 2525 1478 2565 honorificus
1525 2523 1716 2563 nimium

84 2608 228 2636 sermo
271 2596 505 2636 institutus
547 2597 676 2634 esset.
711 2595 865 2645 Itaque
913 2595 1040 2632 nocte
1070 2593 1163 2640 illa,
1196 2603 1284 2643 qua
1318 2590 1424 2630 hinc
1454 2588 1713 2635 Posonium,

84 2661 370 2701 recreationis
399 2672 518 2711 ergo,
543 2660 667 2700 Rfflus
712 2658 986 2710 apostolicus
1016 2657 1204 2697 nuntius
1234 2668 1281 2696 se
1310 2655 1573 2701 contulerat,
1610 2665 1717 2704 quo-

84 2739 170 2778 que
199 2727 357 2766 Rector
387 2726 481 2777 ipse
511 2725 636 2765 illinc
678 2725 766 2765 huc
808 2726 902 2764 erat
946 2723 1239 2775 profecturus,
1271 2721 1318 2761 ui
1362 2720 1492 2771 quasi
1533 2717 1713 2769 Posonij

84 2792 290 2832 detentus
332 2791 430 2832 fuit.
463 2790 674 2841 Sequenti
717 2802 823 2830 uero
867 2789 938 2829 die
984 2800 1128 2837 mane,
1162 2789 1336 2839 peracta
1380 2786 1436 2825 ab
1479 2785 1633 2824 eodem
1672 2794 1717 2822 re

84 2869 224 2904 sacra,
269 2856 503 2897 difficulter
559 2856 751 2896 abeundi
800 2855 975 2906 copiam
1031 2854 1351 2904 consequutus,
1403 2850 1623 2890 Viennam
1671 2860 1718 2888 se

86 2922 290 2969 contulit,
321 2921 592 2969 constitutis,
625 2922 674 2960 ut
702 2920 863 2960 melius
892 2918 986 2959 fieri
1018 2917 1177 2970 potuit,
1209 2917 1342 2956 rebus
1372 2914 1639 2967 Tyrnauiae.

150 3065 160 3084 ¹
184 3064 365 3106 Georgius
388 3063 642 3097 Draskowich.
