2099 3516
402 243 473 279 400
873 242 1077 278 Lir'rERAE
1111 241 1458 286 QUADfflMEs'i-Rns

356 360 593 399 Bohemiae
622 360 802 399 ciuitate
832 362 919 399 tres
948 359 1159 409 capitales
1194 358 1378 405 inimici,
1413 358 1615 397 homines
1657 360 1802 397 tamen
1841 358 1973 398 eccle-

355 424 539 471 siastici,
571 424 832 464 diuturnum
862 426 994 473 atque
1024 423 1281 462 intestinum
1313 422 1463 461 odium
1494 422 1721 470 habentes,
1766 433 1861 461 sese
1906 433 1975 461 co-

356 500 447 527 ram
479 488 666 527 seculari
697 488 894 528 ciuitatis
923 487 1103 526 domino
1135 487 1301 526 mutuis
1331 486 1547 537 conuicijs
1589 498 1639 525 ac
1679 486 1812 525 minis
1842 486 1975 536 impe-

355 554 496 592 terent
515 565 565 592 ac
587 553 940 603 proscinderent3
964 551 1173 591 dominus
1194 551 1283 598 ille,
1307 550 1514 602 quamuis
1540 550 1816 598 lutheranus,
1839 562 1974 601 quen-

355 617 454 656 dam
485 629 537 656 ex
566 617 730 656 nostris
759 618 1012 663 accerseret,
1045 617 1175 666 atque
1206 615 1367 654 obnixe
1398 616 1570 665 rogaret
1614 616 1661 654 ut
1705 614 1976 653 exacerbatis

355 684 399 721 et
427 682 708 732 litigantibus
736 681 994 720 hominibus
1023 680 1303 720 concordiam
1332 679 1595 730 persuadere
1614 681 1859 718 conaretur.
1883 678 1977 718 Hoc

356 745 432 784 ille
474 745 653 795 quidem
682 745 791 784 adeo
822 744 1050 792 foeliciter,
1081 744 1258 783 fauente
1287 743 1478 790 Christo,
1527 745 1714 782 conatus
1742 744 1785 782 et
1825 754 1976 781 conse-

355 812 485 850 cutus
504 812 584 856 est,
607 812 656 849 ut
675 810 827 849 eadem
847 809 971 856 hora,
990 808 1203 860 depositis
1223 808 1346 855 rixis,
1368 819 1479 855 sese,
1498 808 1574 858 qui
1596 807 1764 847 inimici
1786 807 1974 854 fuerant,

356 875 737 925 amplecterentur,
770 874 918 913 illatas
947 874 1135 913 iniurias
1164 873 1249 912 sibi
1280 874 1434 912 mutuo
1476 872 1759 912 remittentes.
1795 871 1978 922 Propter

356 939 475 990 quod
505 938 626 989 pacis
655 938 932 986 beneficium,
964 950 1053 977 non
1084 938 1169 989 ipsi
1200 937 1345 977 solum
1374 937 1450 988 qui
1481 936 1752 976 reconciliati
1787 936 1974 983 fuerant,

357 1003 433 1042 sed
462 1003 671 1043 dominus
699 1014 875 1054 quoque
904 1002 1100 1042 ciuitatis
1129 1014 1227 1041 cum
1258 1003 1349 1041 tota
1392 1000 1562 1040 familia
1595 1000 1878 1040 uehementer
1905 1011 1978 1050 ga-

357 1067 459 1115 uisi,
490 1067 709 1115 dicebant,
742 1070 918 1107 nostros
946 1067 1114 1118 Spiritu
1143 1066 1304 1106 Sancto
1334 1066 1440 1106 illuc
1469 1065 1683 1105 adductos
1711 1076 1821 1112 esse,
1852 1076 1903 1104 ac
1931 1075 1978 1103 se

357 1144 550 1183 suasque
579 1132 811 1172 facultates
840 1131 1047 1172 Societati
1076 1131 1333 1170 offerebant.

436 1197 473 1238 5.
503 1197 586 1236 Hic
614 1197 729 1236 nihil
758 1197 930 1241 attinet,
961 1197 1105 1243 credo,
1137 1195 1280 1235 dicere
1309 1195 1362 1234 de
1393 1194 1599 1234 sereniss.
1636 1193 1850 1245 principis
1880 1205 1979 1233 nos-

358 1262 414 1302 tri
444 1264 456 1286 1
488 1262 654 1310 fauore,
686 1274 774 1313 quo
816 1261 1053 1312 collegium
1092 1260 1175 1299 hoc
1221 1259 1376 1299 sedulo
1424 1260 1666 1310 promouet.
1717 1258 1826 1297 Nam
1864 1257 1975 1298 Rdo.

358 1327 406 1367 P.
438 1326 705 1378 prouinciali
734 1337 875 1377 nuper
903 1337 1081 1365 currum
1110 1325 1244 1372 dedit,
1289 1336 1377 1375 quo
1411 1323 1516 1363 hinc
1558 1323 1806 1374 Augustam
1849 1323 1979 1362 uehe-

358 1393 490 1431 retur.
524 1391 609 1430 Pro
638 1390 804 1430 fabrica
834 1392 985 1429 nostra
1014 1400 1191 1441 quoque
1219 1389 1311 1436 800,
1342 1390 1385 1428 et
1413 1388 1467 1427 ad
1498 1387 1756 1438 ampliorem
1803 1386 1975 1437 collegij

358 1456 726 1496 sustentationem
755 1456 833 1495 300
876 1455 1070 1494 thaleros
1098 1453 1340 1505 quotannis
1381 1452 1621 1499 addendos,
1666 1451 1804 1491 donec
1846 1462 1979 1491 causa

358 1521 579 1560 redituum
609 1520 923 1571 oybinensium
952 1519 1010 1558 sit
1031 1519 1252 1566 absoluta,
1288 1530 1314 1557 a
1347 1517 1389 1557 S.
1410 1516 1456 1557 C.
1475 1517 1530 1556 M.
1550 1516 1679 1556 nobis
1708 1515 1977 1566 impetrauit,

357 1597 627 1638 quamquam
657 1585 745 1624 duo
774 1587 996 1636 postrema
1025 1583 1201 1634 negotia
1231 1583 1283 1622 R.
1317 1583 1364 1622 P.
1396 1581 1608 1628 Victoria,
1649 1592 1726 1631 pro
1768 1581 1980 1620 consueta

358 1662 439 1690 sua
469 1650 515 1689 in
548 1661 759 1700 pragense
787 1648 1024 1700 collegium
1053 1647 1267 1687 charitate
1287 1649 1418 1698 atque
1440 1645 1675 1692 industria,
1699 1645 1981 1685 uehementer

358 1714 536 1761 iuuerit,
569 1716 618 1753 ut
646 1725 803 1753 causas
832 1715 1008 1752 nostras
1037 1712 1151 1762 apud
1198 1711 1241 1751 S.
1274 1710 1319 1751 C.
1352 1711 1425 1758 M..
1470 1710 1601 1749 etiam
1632 1709 1761 1749 nobis
1808 1707 1977 1759 inscijS,

359 1780 594 1830 diligenter
623 1790 751 1829 agere
780 1778 905 1817 solet.
952 1776 1133 1828 [Preces
1158 1778 1359 1828 postulat
1401 1778 1440 1816 et
1475 1773 1720 1826 valedicit]
1763 1773 1929 1823 Pragae
1957 1783 1980 1811 e

357 1856 561 1884 caesareo
590 1843 822 1883 Societatis
853 1843 952 1882 lesu
980 1841 1167 1892 collegio
1197 1841 1314 1891 apud
1335 1840 1377 1880 S.
1402 1840 1685 1886 Clementem,
1707 1838 1759 1877 25
1788 1836 1980 1888 Augusti

359 1921 477 1949 anno
507 1908 685 1948 Domini
718 1908 834 1947 1561.

466 1974 601 2013 Rdae.
634 1973 680 2013 P.
712 1973 762 2012 V.
796 1971 1138 2023 indignissimus
1167 1971 1213 2010 in
1243 1970 1418 2010 Christo
1447 1969 1580 2009 filius.

1276 2046 1505 2086 HENRICUS
1536 2046 1814 2085 BLYSSEMms
1842 2045 1871 2083 2.

1116 2246 1227 2295 549

769 2375 1283 2426 EMMANUEL
1355 2373 1559 2424 GOIS

882 2500 1016 2526 EBORA
1042 2490 1088 2525 036
1114 2499 1293 2525 AUGUSTI
1326 2488 1414 2523 1561
1441 2487 1465 2523 3.

361 2618 399 2652 1.
430 2612 662 2652 Sociorum
691 2611 911 2650 valetudo.
950 2610 1100 2649 Obitus
1130 2610 1167 2648 et
1200 2609 1394 2658 elogium
1422 2608 1475 2646 P.
1498 2607 1734 2645 Francis-cz·
1761 2605 1983 2654 Euriquez

469 2680 508 2717 et
536 2678 592 2727 fr.
626 2676 825 2716 Simonis
872 2675 1085 2722 Gorderii,
1130 2675 1259 2713 cuius
1285 2684 1452 2723 parens
1476 2684 1557 2721 per
1586 2672 1856 2710 occasionem
1888 2669 1983 2707 lau-

469 2743 617 2781 datur.
639 2763 689 2768 —
706 2745 747 2780 2.
769 2740 890 2779 Pris.
914 2739 1063 2778 Nadal
1084 2739 1302 2777 adventus
1321 2737 1361 2775 et
1382 2737 1640 2786 infirmitas.
1664 2756 1713 2761 —
1735 2738 1777 2773 3.
1797 2734 1850 2773 Ρ.
1875 2733 1983 2771 Ton-

425 2860 436 2877 ¹
458 2858 724 2896 Ferdinandus,
750 2856 983 2898 imperatoris
1007 2855 1118 2887 filius.

424 2913 437 2931 2
459 2911 551 2944 Vide
574 2920 608 2952 p.
633 2911 684 2943 67.

425 2966 438 2984 ¹²
460 2964 511 2996 Ex
535 2964 627 3005 orig.
652 2964 692 2996 in
716 2963 794 2996 cod.
819 2962 917 2994 Lus.
940 2961 1000 3001 51,
1024 2960 1060 2993 ff.
1085 2960 1157 2995 207.
1181 2960 1263 2999 <2083
1286 2958 1391 3000 prius
1417 2958 1468 2997 77,
1496 2958 1547 2990 79.
1572 2956 1707 2998 Aliqua
1729 2963 1825 2997 quae
1847 2954 1887 2986 in
1909 2953 1983 2995 epi-

365 3018 464 3050 stula
487 3017 684 3056 habentur,
710 3016 811 3049 edita
834 3016 924 3047 sunt
946 3014 1045 3055 apud
1067 3012 1191 3054 Epist.
1217 3011 1259 3044 P.
1284 3011 1430 3047 Nadal,
1456 3011 1482 3050 I,
1506 3009 1654 3042 802-803.
