2099 3516
379 280 450 316 490
850 280 1054 317 LITTERAS
1088 279 1431 324 QUADRIMESTRES

1086 506 1196 555 569

757 659 810 709 Ρ.
870 658 1160 709 IOANNES
1217 656 1551 707 ROGELIUS

819 795 972 820 TOLETO
1000 784 1017 819 1
1045 792 1291 819 SEPTEMBRIS
1320 782 1406 817 1561
1434 782 1457 817 1.

335 908 372 942 1.
406 904 656 953 Disciplina
698 905 925 953 religiosa.
958 925 1007 930 -—
1052 903 1335 941 Novitiorimi
1378 902 1619 940 institutio.
1665 923 1714 928 —
1753 905 1794 939 2.
1829 900 1951 940 Cives

442 970 692 1019 frequentes
723 969 779 1007 ad
807 969 1104 1007 sacramenta.
1138 989 1186 993 —
1216 966 1510 1016 Pauperibus,
1548 967 1721 1012 vinctis,
1752 967 1952 1016 graviter

444 1033 777 1083 aegrotantibus
808 1034 1054 1071 assistitur.
1087 1032 1254 1070 Mulier
1274 1044 1301 1070 a
1315 1032 1515 1081 peccato;
1543 1032 1739 1070 maritus
1769 1031 1820 1069 ab
1843 1043 1952 1069 mco-

443 1099 509 1136 ris
552 1098 838 1136 damnatione
880 1097 1165 1147 procuranda
1208 1096 1443 1134 avertitur.
1484 1118 1534 1122 —
1578 1099 1618 1134 3.
1649 1094 1767 1134 Socii
1799 1095 1952 1134 sedulo

443 1164 492 1201 in
536 1163 777 1212 theoloyiae
818 1162 1018 1201 studium
1062 1161 1335 1200 incumbunt.
1368 1182 1416 1186 —
1445 1164 1488 1199 4.
1518 1161 1688 1199 Domus
1730 1162 1778 1198 in
1807 1160 1953 1198 media

443 1227 548 1266 urbe
577 1228 753 1266 emitur.

420 1343 455 1382 1.
488 1344 516 1393 -ξ-
544 1342 639 1382 Jhs.
685 1342 934 1381 Admodum
981 1340 1076 1382 R.d0
1107 1341 1151 1380 in
1196 1340 1325 1381 Chro.
1364 1341 1506 1381 Pater.
1539 1341 1630 1380 Pax
1673 1340 1836 1380 Christi
1870 1342 1950 1379 etc.

341 1407 475 1459 [Dicit
503 1421 547 1447 se
577 1409 765 1448 breviter
793 1406 1104 1458 scripturum]

445 1472 508 1512 Ac
550 1472 757 1523 primum,
789 1483 944 1511 sumus
986 1471 1069 1510 hoc
1110 1473 1305 1521 tempore
1347 1470 1492 1521 pauci,
1537 1470 1614 1509 sed
1656 1471 1781 1516 bene,
1814 1469 1954 1521 gloria

340 1537 530 1583 Christo,
562 1537 778 1588 occupati.
812 1536 986 1588 [Cuncti
1008 1539 1064 1576 ad
1093 1538 1352 1587 ‘religiosam
1371 1538 1685 1586 perlectionem
1715 1535 1953 1587 aspirant]

446 1601 558 1641 Sunt
586 1601 793 1641 nonnulli
822 1601 982 1652 nouitij
1014 1601 1148 1649 domi,
1172 1612 1284 1650 quos
1313 1600 1494 1650 quidam
1524 1601 1728 1640 sacerdos
1757 1600 1955 1650 quotidie

340 1679 426 1706 vna
456 1668 744 1718 congregatos
765 1666 960 1713 instruit,
983 1666 1175 1716 quodam
1200 1665 1422 1715 spirituali
1444 1665 1558 1704 libro
1578 1665 1641 1704 eis
1670 1665 1952 1716 exponendo;

340 1743 526 1782 quorum
558 1732 726 1771 fructus
756 1731 803 1770 in
832 1731 1074 1770 tolerandis
1095 1730 1323 1769 laboribus
1348 1730 1577 1781 perspicue
1606 1730 1820 1770 enitescit.
1855 1730 1956 1769 Pro-

341 1796 522 1846 ponitur
563 1796 694 1834 etiam
724 1795 834 1845 ipsis
878 1795 1118 1833 meditandi
1164 1795 1360 1842 materia,
1392 1794 1519 1833 cuius
1549 1794 1707 1834 deinde
1740 1794 1955 1833 rationem

341 1861 520 1901 reddere
562 1861 884 1906 consuescunt3
917 1860 1058 1898 edocti
1101 1860 1215 1898 nihil
1246 1860 1503 1899 tentationis
1542 1860 1698 1899 debere
1735 1859 1956 1898 occultum

342 1925 536 1972 retineri,
568 1925 687 1975 quod
715 1925 774 1963 sit
803 1924 849 1963 in
880 1924 989 1974 ipsis
1021 1924 1276 1974 detegendis
1306 1924 1475 1963 vtilitas
1504 1924 1795 1975 amplissima.

421 1990 459 2029 92,
492 1989 747 2029 Sacerdotes
789 2001 964 2039 quoque
993 2000 1039 2027 se
1086 1988 1132 2027 in
1162 1989 1255 2027 suis
1299 1989 1559 2040 ministerijs
1601 1991 1811 2039 perpetuo
1840 2000 1958 2027 exer-

342 2057 455 2101 cent,
477 2056 600 2093 tanta
629 2053 933 2093 confitentium
963 2053 1089 2103 copia
1117 2056 1417 2099 concurrente,
1445 2056 1656 2104 quantam
1687 2053 1789 2104 alijs
1818 2053 1957 2093 literis

344 2118 590 2169 intelligere
625 2118 672 2157 T.
708 2118 753 2157 P.
786 2117 954 2168 potuit;
986 2119 1028 2156 et
1057 2129 1155 2157 cum
1188 2118 1292 2156 hinc
1321 2118 1604 2157 discesserint
1632 2118 1958 2157 contionatores

344 2183 631 2223 famosissimi
660 2184 690 2230 ²,
713 2183 877 2234 quibus
906 2183 988 2221 hoc
1019 2183 1290 2232 frequentiae
1319 2183 1576 2222 beneficium
1609 2185 1835 2233 acceptum
1856 2183 1958 2222 ferri

344 2260 474 2299 posse
510 2248 755 2294 videbatur,
787 2249 830 2286 et
871 2249 1094 2298 praeterea
1136 2247 1258 2286 curia
1300 2259 1352 2286 ex
1394 2248 1477 2286 hac
1519 2249 1624 2287 vrbe
1666 2247 1754 2286 iam
1797 2247 1958 2287 disces-

345 2314 451 2353 serit
479 2315 508 2361 3,
541 2325 594 2352 ex
622 2325 710 2364 qua
739 2312 920 2363 plurimi
950 2313 1003 2351 ad
1035 2324 1115 2351 nos
1145 2313 1364 2352 confluere
1394 2313 1623 2361 solebant;
1655 2315 1802 2352 tamen
1840 2313 1959 2352 nihi-

346 2378 543 2418 lominus
571 2380 723 2417 tantus
752 2379 819 2417 est
847 2389 1105 2423 concursus,
1131 2379 1175 2416 vt
1204 2378 1414 2417 omnibus
1443 2378 1600 2417 diebus
1620 2378 1749 2417 nobis
1779 2389 1960 2428 occupa-

344 2444 511 2483 tionem
540 2443 780 2494 praebeant
800 2454 889 2482 non
910 2442 1129 2493 exiguam.
1152 2442 1439 2481 Xenodochia
1458 2445 1682 2494 praeterea
1702 2442 1961 2482 inuisuntur

347 2500 372 2547 a
394 2508 615 2554 Patribus,
638 2507 713 2546 vbi
735 2518 949 2558 pauperes
978 2518 1158 2557 corpore
1187 2510 1228 2546 et
1257 2507 1415 2557 spiritu
1446 2509 1711 2554 recreantur,
1735 2507 1960 2547 mundatis

346 2584 496 2612 eorum
527 2571 690 2611 animis
719 2574 762 2610 et
789 2571 1063 2622 corporibus,
1090 2572 1330 2611 exercendo
1360 2572 1506 2611 officia
1526 2572 1714 2611 humilia
1734 2572 1789 2610 ad
1809 2583 1960 2611 eorum

347 2637 628 2683 munditiam,
660 2638 702 2676 et
730 2636 1032 2676 confessiones
1061 2636 1296 2676 audiendo.
1329 2636 1366 2675 A
1393 2636 1553 2676 vinctis
1574 2637 1705 2676 etiam
1731 2637 1958 2683 vocantur,

348 2701 507 2752 partim
530 2702 574 2740 vt
598 2701 720 2752 ipsos
748 2693 1046 2747 consolentur,
1078 2702 1119 2739 et
1148 2700 1405 2740 confitentes
1426 2701 1625 2750 audiant,
1649 2700 1806 2752 partim
1829 2700 1958 2739 etiam

410 2838 420 2854 ¹
444 2836 494 2867 Ex
519 2835 652 2876 origin.
677 2835 717 2867 in
739 2835 817 2867 cod.
842 2834 954 2875 Hisp.
979 2834 1039 2873 98,
1063 2834 1098 2866 ff.
1123 2835 1183 2866 318
1205 2836 1241 2866 et
1263 2835 1336 2867 321.
1361 2835 1610 2877 Subsequitur
1631 2834 1733 2868 aliud
1756 2834 1961 2876 exemplum

349 2889 507 2921 latinum
530 2888 569 2920 in
591 2888 627 2921 ff.
651 2888 723 2927 319,
747 2888 819 2920 320.

410 2944 422 2961 2
445 2941 710 2974 Celeberrimus
742 2940 863 2972 fuerat
896 2939 934 2972 P.
959 2940 1114 2972 Ioannes
1149 2939 1327 2973 Ramirez.
1352 2940 1403 2973 Cf.
1428 2941 1522 2974 Litt.
1551 2939 1756 2981 Quadrim.
1790 2939 1864 2980 VI.‚
1887 2940 1960 2979 486,

347 2995 420 3033 670,
445 2995 517 3026 832.

411 3049 424 3067 ⁸
446 3047 635 3079 Matritum
665 3046 897 3079 discesserat.
