2099 3516
464 304 532 339 748
935 304 1138 340 LlrrnRAn
1172 304 1515 348 QUADmMsss'rREs

419 421 612 461 citantur
641 422 693 460 de
725 421 930 471 parochO,
963 422 1017 460 ad
1047 433 1176 472 quem
1206 433 1302 461 cum
1335 422 1399 461 eis
1428 422 1643 473 patuisset
1676 435 1892 472 accessus,
1923 426 2033 464 trac-

419 487 583 537 tatique
612 488 667 525 ab
696 499 746 525 eo
778 487 1030 525 humaniter
1059 487 1261 533 fuissent,
1293 487 1437 538 coepit
1483 487 1664 538 quidam
1711 500 1785 538 pro
1835 500 1953 529 more
1982 490 2034 529 de

417 552 588 601 pietate,
623 552 714 590 uita
742 553 784 589 et
816 551 1010 590 moribus
1039 551 1295 590 christianis
1338 563 1436 590 cum
1467 563 1517 591 eo
1550 552 1680 602 paulo
1725 552 1907 592 liberius
1937 553 2028 593 dis-

417 627 572 654 serere.
607 615 844 653 placebant
873 615 911 653 ei
942 615 1082 665 prima
1127 616 1268 654 fronte
1311 615 1476 662 omnia,
1508 618 1727 655 coeterum
1773 616 1818 655 in
1857 617 1940 656 hoc
1981 624 2033 660 δὶς

417 685 597 719 ammom
628 679 720 730 [sic]
752 691 777 718 a
807 681 958 718 nostro
989 680 1039 718 R.
1075 680 1120 719 Ρ.
1145 680 1449 727 dissentiebat,
1474 680 1588 731 quod
1622 680 1669 719 in
1703 681 1910 732 coniugio
1940 682 2032 730 illo,

416 745 533 795 quod
563 756 659 783 cum
691 744 937 782 concubina
967 746 1259 789 contraxerat,
1287 744 1457 783 nullum
1482 745 1663 784 subesse
1693 748 2032 793 sacramentum,

419 809 480 847 ita
510 810 556 847 ut
585 808 678 858 ipse
707 809 927 855 censebat,
951 810 1110 847 temere
1135 809 1340 847 effutiret.
1374 809 1555 848 Dicebat
1574 809 1689 848 enim
1722 821 1782 858 se,
1815 810 1859 849 ni
1890 810 2032 858 fallor,

417 885 515 912 cum
538 872 631 913 ΒΑΜ
666 873 879 919 Nauseae,
904 873 1159 912 viennensis
1180 873 1403 924 quondam
1425 874 1619 924 episcopi
1647 876 1676 921 1,
1699 886 1918 914 consensu
1939 887 2034 914 eam

417 938 596 977 duxisse
626 938 671 976 in
705 949 898 985 uxorem,
930 938 1205 989 addebatque
1235 938 1327 977 fieri
1359 950 1448 977 non
1479 950 1608 989 posse
1639 939 1885 988 (honestam
1916 939 2035 979 scili-

417 1004 483 1041 cet
503 1002 617 1041 hanc
637 1014 814 1041 causam
837 1014 943 1042 suae
963 1003 1118 1053 culpae
1141 1003 1429 1053 praetexens),
1454 1003 1517 1042 uti
1539 1003 1639 1053 quis
1670 1003 1741 1042 his
1760 1003 2036 1044 difficillimis

419 1067 690 1116 temporibus
728 1069 845 1105 caste
888 1067 1072 1106 uiueret.
1108 1067 1338 1107 Coeterum
1382 1067 1631 1107 rationibus
1674 1068 1850 1107 tandem
1880 1071 1921 1108 et
1950 1068 2036 1120 pijs

417 1131 627 1181 praedicti
660 1132 802 1171 Patris
832 1132 1033 1182 consilijs
1064 1132 1223 1179 uictus,
1257 1133 1428 1171 tantum
1455 1134 1520 1171 est
1550 1135 1726 1183 repente
1756 1135 1952 1172 mutatus
1981 1134 2036 1172 ab

417 1196 509 1243 illo,
543 1198 589 1235 ut
619 1196 712 1246 ipse
741 1208 866 1235 suam
897 1196 1206 1243 concubinam,
1238 1198 1280 1235 et
1309 1196 1405 1247 ipsa
1436 1197 1664 1236 uiceuersa
1692 1209 1790 1236 eum
1821 1198 2033 1245 deserere,

416 1262 457 1300 et
489 1273 667 1311 prorsus
698 1261 826 1308 uelle,
860 1262 973 1300 bona
1005 1261 1087 1300 fide
1117 1261 1447 1312 pollicerentur.
1481 1261 1596 1311 Quin
1628 1261 1717 1300 imo
1751 1262 1826 1301 illa
1861 1274 2036 1313 quoque

417 1325 590 1370 adiecit,
622 1337 668 1364 se
698 1326 879 1364 barbam
909 1338 1041 1377 quam
1073 1338 1246 1365 summo
1277 1326 1424 1365 studio
1454 1326 1613 1371 alebat,
1645 1338 1777 1377 quam
1820 1326 2036 1377 otiJ'ssime

417 1390 702 1435 abrasurum,
735 1390 894 1429 deinde
926 1402 1107 1440 pensum
1141 1402 1322 1430 suarum
1354 1391 1578 1435 horarum,
1610 1391 1727 1441 quod
1772 1391 1924 1430 multis
1962 1403 2037 1430 an-

419 1454 488 1493 nis
519 1455 783 1503 neglexerat,
817 1456 906 1494 Deo
936 1456 1120 1505 posthac
1149 1455 1385 1505 diligenter
1416 1455 1759 1505 persoluturum,
1791 1467 1840 1494 ac
1870 1457 2036 1506 postre-

419 1531 489 1557 mo
519 1520 602 1558 sub
632 1521 817 1570 utraque
847 1520 990 1570 specie
1026 1532 1104 1559 nec
1149 1532 1287 1570 prece,
1321 1532 1399 1558 nec
1429 1519 1616 1570 praecio,
1650 1520 1738 1559 imo
1780 1532 1860 1559 nec
1901 1520 2037 1559 armis

419 1584 612 1634 quidem,
645 1586 692 1623 ut
722 1586 838 1631 ante,
870 1587 1145 1624 sacramenta
1188 1584 1424 1624 commisso
1458 1584 1544 1623 sibi
1590 1585 1710 1635 gregi
1755 1585 2036 1624 administra-

417 1651 581 1688 turum.

496 1714 534 1752 (2.
569 1714 753 1752 possent
784 1714 854 1752 hic
884 1714 971 1752 alia
1002 1714 1198 1753 eiusdem
1229 1714 1316 1753 fere
1346 1714 1520 1764 generis
1540 1714 1754 1764 exempla,
1777 1726 1889 1765 quae
1914 1714 1959 1752 in
1980 1713 2036 1764 ijs

418 1778 544 1829 pagis
573 1790 685 1828 quae
716 1779 921 1829 picardis,
954 1779 1186 1826 sabatinis,
1220 1778 1457 1825 nicolaitis,
1493 1779 1802 1829 anabaptistiS,
1834 1780 1876 1818 et
1904 1779 2036 1818 etiam

418 1843 575 1890 iudeis,
608 1845 772 1882 s‹·atere
796 1844 930 1894 uulgo
953 1844 1186 1890 iactantur,
1219 1843 1373 1882 diuina
1404 1844 1483 1882 Dei
1514 1843 1815 1883 misericordia
1846 1843 2037 1894 contige-

418 1910 534 1956 runt,
568 1908 611 1946 in
644 1908 835 1947 medium
866 1908 1035 1955 afferri;
1060 1909 1135 1947 sed
1157 1920 1207 1947 ea
1236 1920 1332 1947 cum
1365 1920 1417 1947 ex
1448 1908 1518 1947 his
1539 1911 1580 1947 et
1600 1908 1888 1959 sequentibus
1910 1908 2036 1947 facile

417 1972 575 2022 conijci
623 1973 806 2023 possint,
840 1973 1072 2012 breuitatis
1101 1985 1233 2012 causa
1259 1973 1617 2023 praetermittam.
1652 1973 1764 2012 illud
1787 1984 1940 2012 omnes
1969 1975 2036 2012 sat

419 2037 566 2075 mirari
598 2049 687 2076 non
720 2040 937 2088 poterunt,
960 2038 1076 2089 quod
1108 2050 1206 2077 cum
1238 2038 1410 2077 nullum
1434 2040 1510 2077 aut
1529 2038 1816 2085 concionado,
1839 2039 1916 2077 aut
1938 2049 2035 2088 pro-

417 2102 585 2141 ximum
617 2103 802 2153 priuatis
831 2103 1032 2154 consilijs
1062 2104 1273 2150 iuuando,
1298 2106 1373 2142 aut
1404 2115 1646 2154 pauperum
1667 2103 1910 2142 commodis
1940 2102 2034 2142 uhi-

416 2179 500 2217 que
530 2167 813 2207 inseruiendo
844 2168 1039 2207 studium
1071 2168 1230 2207 salutis
1259 2168 1509 2207 animarum
1539 2168 1682 2207 omitti
1705 2180 1730 2206 a
1756 2167 1919 2207 nostris
1948 2179 2035 2206 cer-

417 2235 584 2279 nerent,
617 2244 692 2271 eos
722 2234 867 2271 tamen
897 2233 1057 2283 spretis
1086 2245 1216 2283 saepe
1246 2233 1362 2272 ultro
1400 2233 1562 2271 oblatis
1604 2232 1812 2283 hospitijS
1841 2234 1882 2271 et
1911 2231 2036 2271 lectis

415 2296 803 2346 splendidissimis,
823 2300 899 2337 aut
914 2298 968 2336 ad
989 2300 1239 2347 egrotorum
1261 2298 1390 2336 aedes
1410 2297 1651 2344 deflectere,
1670 2299 1747 2336 aut
1763 2297 1809 2336 in
1824 2297 2032 2343 scamnis,

416 2372 750 2412 nonnumquam
799 2362 930 2401 etiam
961 2362 1083 2401 humi
1115 2364 1155 2401 et
1185 2363 1267 2401 sub
1297 2362 1370 2401 dio
1404 2363 1579 2407 cubare,
1611 2361 1894 2412 ostiatimque
1927 2361 2034 2400 elee-

418 2437 626 2476 mosynas
656 2438 816 2477 magno
845 2439 945 2466 cum
975 2427 1124 2466 labore
1163 2429 1306 2477 petere
1340 2426 1685 2477 conspiciebant.
1718 2426 1842 2466 Vnde
1872 2426 2034 2477 factum

416 2491 495 2537 est,
529 2492 576 2529 ut
606 2503 693 2529 non
725 2503 823 2530 raro
856 2491 939 2542 pijS
968 2491 1040 2530 his
1069 2494 1321 2531 nostrorum
1352 2491 1565 2542 exemplis
1608 2491 1800 2536 adducti,
1846 2490 1920 2541 alij
1963 2501 2034 2529 cu-

417 2566 507 2592 ram
548 2554 788 2594 illustrium
833 2555 1110 2606 quarundam
1160 2556 1484 2606 parochiarum,
1516 2555 1965 2595 ludimoderatoribus
1993 2556 2035 2594 et

416 2619 819 2666 concionatoribus,
851 2632 963 2671 quos
992 2620 1037 2659 in
1069 2620 1306 2670 perniciem
1336 2620 1568 2660 ciuitatum
1599 2632 1622 2659 a
1653 2632 1699 2659 se
1728 2619 1788 2659 ali
1813 2619 2031 2667 dicebant,

416 2684 733 2732 exterminatis,
766 2696 917 2723 eorum
949 2684 1063 2732 fidei,
1096 2684 1269 2735 magnis
1299 2684 1538 2735 propositis
1563 2684 1753 2735 salarijs,
1776 2683 2034 2723 concredere

415 2748 598 2787 omnino
627 2749 816 2793 uellent;
850 2749 925 2800 alij
958 2760 1089 2795 noua,
1123 2749 1272 2788 missis
1301 2749 1355 2788 ad
1387 2749 1560 2788 Patrem
1605 2749 1833 2788 Rectorem
1876 2747 2030 2795 literis,

416 2812 622 2852 Societati
652 2813 839 2864 collegia
867 2813 1056 2864 erigere3
1089 2813 1164 2863 alij
1197 2814 1361 2852 nostris
1390 2826 1415 2852 a
1444 2825 1490 2852 se
1524 2813 1829 2853 recedentibus
1858 2812 2033 2852 benedi-

415 2877 553 2916 cendo
582 2878 795 2917 clamare:
828 2878 960 2917 ducat
990 2889 1070 2917 uos
1099 2879 1140 2917 et
1170 2878 1349 2917 reducat
1391 2878 1635 2918 incolumes
1666 2878 1794 2917 Pater
1822 2879 1864 2917 et
1893 2877 2033 2916 Filius

464 3025 473 3042 ¹
497 3023 705 3055 Fridericus
718 3024 865 3056 Nausea
877 3024 1115 3055 viennensem
1129 3024 1320 3056 ecclesiam
1337 3024 1432 3056 rexit
1448 3024 1494 3056 ab
1511 3033 1608 3056 anno
1625 3024 1705 3056 1539
1720 3024 1766 3056 ad
1784 3024 1873 3056 1552.
1892 3023 2029 3055 EUBEL:

415 3076 699 3109 Hierarchia...
724 3077 786 3116 ΙΙΙ,
811 3077 884 3109 354.
