2099 3516
425 275 495 312 500
898 277 1103 314 LITTERAE
1130 278 1473 322 QUADmMEs'rREs

459 394 521 433 13.
554 392 661 433 Cum
693 393 1080 434 Reuerendissimo
1116 394 1345 433 viennensi
1376 396 1387 417 ²
1418 405 1507 433 non
1553 396 1738 442 vacaret,
1769 397 1818 435 ut
1864 397 1993 435 antea

375 470 521 509 saepe,
552 470 699 497 coram
728 458 771 498 S.
795 458 840 498 C.
865 459 919 498 M.
942 459 1205 507 contionari,
1229 459 1360 498 iussit
1380 471 1581 498 caesarea
1603 459 1744 510 ipsius
1769 460 1990 508 maiestas,

376 524 590 573 quantum
623 522 937 570 intelleximus,
961 525 1006 562 vt
1026 523 1129 562 hinc
1154 523 1345 573 aliquem
1367 523 1582 574 acciperet
1610 535 1632 562 e
1661 524 1840 571 nostris,
1863 535 1992 575 quem

376 598 459 627 suo
489 587 776 627 substitueret
804 588 914 628 loco.
946 588 988 627 Is
1019 600 1120 627 vero
1150 587 1233 626 fuit
1264 587 1379 626 idem
1410 588 1466 627 M.
1498 587 1748 639 Gregorius.

458 652 520 691 14.
552 651 719 691 Diebus
747 652 924 703 quidem
956 652 1129 692 veneris
1160 663 1287 690 mane
1317 651 1363 690 in
1393 652 1526 691 scolis
1556 653 1721 692 nostris
1750 665 1776 692 a
1804 653 1859 692 M.
1892 652 1992 693 Cor-

376 716 494 756 nelio
526 728 603 766 pro
646 728 765 755 more
803 717 954 765 latine,
986 718 1042 756 ab
1085 717 1186 768 alijs
1229 716 1492 766 germanice,
1523 717 1759 756 dominicis
1798 729 1914 765 vero,
1946 717 1992 757 in

375 781 539 831 templo
577 783 729 820 nostro
758 793 782 820 a
812 781 941 820 Patre
984 781 1198 832 Pyringer
1240 780 1440 819 doctrina
1483 781 1727 820 christiana
1754 788 1772 807 a
1792 782 1992 833 frequen—

375 845 477 884 tiori
507 845 638 884 solito
667 845 903 893 auditorio,
926 847 968 884 et
996 845 1141 885 fructu
1172 844 1378 891 vberiori,
1401 845 1658 895 explicatur.
1680 845 1841 885 Doctor
1859 845 1991 885 etiam

375 909 657 950 Christianus
684 911 715 957 ²,
746 910 1028 949 contionibus
1057 910 1152 949 suis
1182 911 1334 960 gratus
1355 910 1534 960 populo,
1558 910 1808 961 frequenter
1836 910 1993 950 diebus

374 975 498 1014 festis
519 974 565 1013 in
581 974 714 1014 scolis
735 975 913 1022 nostris,
937 975 1152 1014 nonnulla
1173 986 1195 1013 e
1216 976 1427 1025 suggestu
1448 975 1500 1014 de
1516 974 1835 1014 festiuitatibus
1864 975 1988 1026 ipsis,

373 1040 514 1090 deque
543 1039 784 1079 virtutibus
804 1039 1060 1078 christianis
1089 1039 1369 1078 auditoribus
1389 1039 1554 1078 nostris
1575 1039 1795 1090 proponit,
1818 1039 1988 1088 auditu,

373 1104 578 1155 factuque
607 1104 756 1155 digna.
790 1104 889 1143 Itali
919 1115 1110 1154 quoque,
1143 1103 1342 1143 rudiores
1372 1103 1576 1151 maxime,
1607 1104 1991 1144 exhortationibus

371 1171 503 1220 atque
531 1168 767 1220 colloquijs
796 1168 1106 1219 spiritualibus
1135 1180 1224 1207 non
1253 1180 1352 1207 raro
1382 1167 1595 1208 iuuantur
1623 1180 1648 1207 a
1677 1168 1855 1208 nostris.

453 1233 515 1273 15.
550 1233 667 1272 Haec
713 1233 862 1284 itaque
908 1235 1039 1284 atque
1083 1233 1170 1272 alia
1213 1232 1390 1284 pietatis
1423 1232 1579 1280 officia,
1611 1233 1731 1281 dum,
1763 1245 1841 1284 pro
1870 1245 1990 1273 more

372 1297 618 1344 Societatis,
659 1309 683 1336 a
726 1298 890 1337 nostris
933 1298 1115 1337 solerter
1158 1299 1385 1347 geruntur,
1433 1297 1596 1348 magni,
1641 1297 1777 1337 dubio
1820 1298 1987 1348 procul,

371 1364 503 1413 atque
531 1362 699 1413 copiosi
730 1362 776 1401 in
805 1362 1046 1414 hor[r]eum
1077 1361 1255 1401 Domini
1286 1363 1483 1412 segetum
1528 1362 1745 1413 manipuli
1774 1362 1990 1414 colligun-

371 1428 465 1474 tur;
488 1426 616 1466 cuius
645 1426 707 1466 rei
737 1428 783 1465 vt
812 1427 951 1465 multa
979 1426 1068 1465 alia
1097 1428 1203 1465 sunt
1232 1426 1411 1473 indicia,
1435 1426 1547 1465 illud
1568 1438 1657 1465 non
1684 1426 1744 1465 ita
1773 1426 1989 1466 incertum

370 1493 451 1536 est,
478 1491 596 1542 quod
617 1503 748 1542 quam
780 1491 959 1541 plurimi
990 1491 1044 1530 ad
1074 1491 1285 1541 templum
1308 1493 1508 1530 nostrum
1538 1503 1649 1541 puro
1679 1491 1986 1539 confessionis,

368 1555 665 1603 contritionis,
714 1555 1119 1606 satisfactionisque
1167 1557 1458 1595 sacramento.
1507 1556 1663 1595 diuino
1714 1556 1988 1608 beneplacito

369 1620 590 1667 instituto,
613 1620 907 1659 conscientias
936 1620 1215 1659 exoneraturi
1244 1632 1364 1668 suas,
1389 1622 1627 1672 pectusque
1656 1621 1759 1660 inde
1787 1621 1989 1660 christia·

368 1697 492 1732 num,
524 1696 574 1724 ac
603 1685 738 1736 varijS
782 1687 1063 1735 repurgatum
1108 1684 1244 1735 vitiJ‘s,
1276 1685 1455 1724 domum
1496 1685 1759 1735 reportaturi
1791 1685 1808 1711 b
1842 1697 1987 1725 recur-

369 1751 495 1797 runt3
527 1761 712 1800 quorum
746 1750 807 1788 ita
836 1749 1041 1799 copiosus
1071 1751 1137 1788 est
1167 1761 1393 1796 numerus,
1425 1752 1484 1798 vt,
1517 1749 1690 1789 etiamsi
1734 1751 1883 1801 plures
1921 1762 1987 1789 sa—

366 1815 564 1854 cerdotes
606 1814 802 1865 germani
846 1814 1064 1860 adessent,
1105 1814 1232 1853 multi
1277 1817 1422 1853 tamen
1453 1826 1478 1853 a
1512 1815 1656 1862 nobis,
1688 1817 1734 1854 vt
1763 1815 1893 1854 modo
1922 1815 1984 1863 fit,

367 1891 523 1930 parum
553 1879 684 1918 solati
713 1880 973 1929 cogerentur
1002 1879 1089 1917 alio
1119 1890 1165 1917 se
1194 1879 1403 1919 conferw.
1435 1879 1672 1929 Nunquam
1711 1879 1886 1919 interim
1916 1880 1986 1919 de·

367 1946 487 1992 sunt,
519 1943 595 1994 qui
638 1944 873 1983 dominicis
917 1944 1127 1994 festisque
1165 1944 1336 1992 diebus,
1371 1948 1467 1994 post
1496 1956 1653 1994 puram
1682 1944 1986 1995 integramque

367 2020 549 2048 suorum
581 2010 857 2059 peccatorum
900 2009 1244 2058 exomologesin,
1277 2020 1401 2048 sacra
1443 2009 1616 2059 synaxi,
1649 2009 1850 2059 proprias
1891 2009 1986 2060 qui-

366 2073 465 2112 dem
495 2073 885 2119 sacramentaliter,
919 2075 1169 2112 nostrorum
1200 2085 1301 2112 vero
1331 2076 1461 2124 atqm·
1491 2074 1695 2121 aliorum,
1718 2074 1794 2124 qui
1819 2076 1986 2124 specta—

366 2140 484 2177 tores
512 2149 607 2177 sese
635 2138 859 2185 exhibent,
900 2138 1157 2188 spiritaliter
1195 2138 1440 2177 refocillent
1477 2138 1664 2178 animas.
1696 2138 1986 2178 Admirantur

367 2203 547 2253 plurimi
578 2214 739 2242 nouam
770 2203 885 2241 hanc
916 2203 1346 2253 methamorphosin3
1370 2203 1550 2254 quidam
1580 2203 1828 2243 excitantur
1851 2203 1983 2243 etiam

365 2268 490 2306 tanto
520 2267 697 2306 virtutis
726 2267 948 2316 exemplo;
981 2267 1073 2317 alij,
1107 2268 1293 2317 peractis
1331 2268 1484 2315 sacris,
1515 2268 1678 2318 quibus
1721 2279 1984 2307 numerosus

366 2331 513 2371 omnis
541 2331 810 2370 conditionis
839 2334 971 2381 atque
1001 2334 1143 2371 status
1166 2333 1370 2382 populus,
1394 2344 1567 2371 summa
1587 2333 1844 2380 attentione,
1867 2345 1984 2372 sum-

366 2408 525 2447 maque
568 2396 814 2435 reuerentia
856 2396 1067 2435 interesse
1109 2398 1235 2445 solet,
1276 2409 1340 2444 ea,
1378 2410 1490 2448 quae
1534 2398 1580 2436 in
1609 2398 1771 2447 templo
1814 2402 1980 2445 nostro,

364 2461 493 2512 quasi
537 2461 583 2500 in
625 2461 900 2509 abscondito,
933 2461 1138 2501 viderunt
1176 2464 1306 2513 atque
1336 2463 1618 2509 audiuerunt,
1663 2462 1820 2513 vbique
1849 2474 1982 2512 supra

365 2528 477 2565 tecta
499 2525 766 2576 praedicant,
790 2525 1139 2576 Societatemque
1168 2527 1283 2566 hanc
1313 2527 1542 2566 minimam
1565 2529 1776 2573 nostram,
1799 2527 1982 2577 eiusque

364 2590 573 2629 exercitia
592 2590 835 2629 christiano
855 2590 1030 2637 affectu,
1054 2591 1262 2630 laudibus
1284 2592 1338 2630 ad
1359 2592 1529 2631 coelum
1552 2603 1692 2642 usque
1713 2592 1978 2642 prouehunt.

446 2654 507 2694 16.
539 2655 614 2693 Est
643 2657 843 2693 matrona
871 2655 1059 2705 quedam
1080 2655 1195 2694 inter
1214 2656 1325 2695 alias
1350 2656 1609 2695 viennenses
1629 2656 1829 2704 honesta,
1852 2667 1979 2706 quae,

363 2718 470 2758 dum
514 2719 793 2758 afflictaretur
824 2719 997 2769 magnis
1041 2720 1354 2768 anxietatibus,
1399 2720 1560 2760 nullibi
1604 2722 1726 2760 extra
1768 2720 1981 2770 templum

424 2874 443 2892 a
463 2865 668 2898 christiano
691 2874 762 2898 ms.
787 2883 827 2887 —
849 2865 868 2891 b
887 2865 1012 2897 Prius
1036 2867 1283 2908 repurgaturi.

425 2992 435 3009 ¹
459 2989 645 3022 Antonius
668 2989 763 3022 Brus
786 2999 808 3021 a
830 2989 994 3031 Muglitz.

424 3044 437 3062 ²
458 3043 496 3075 P.
522 3042 758 3076 Christianus
781 3042 926 3075 Rivius.
