2099 3516
383 281 452 316 784
857 279 1061 315 LITTERAE
1095 278 1438 322 QUADRIMESTRES

335 399 464 437 rebus
494 397 662 436 diuinis
682 396 960 443 instituendi,
991 396 1155 447 quibus
1176 396 1269 447 ipse
1299 397 1544 447 praefectus
1565 399 1644 437 est.
1677 397 1820 447 Quare
1843 399 1952 439 mul-

334 462 390 501 tis
421 461 680 501 monialium
702 469 720 486 ³1
748 460 974 511 coenobijS
996 460 1057 499 ita
1086 460 1231 500 dictus
1252 461 1381 500 Pater
1410 463 1596 511 praeest,
1621 463 1668 501 ut
1697 474 1796 501 cum
1826 463 1951 503 nulla

335 527 503 565 ratione
523 525 701 565 obstrict
711 537 761 564 us
783 527 996 572 teneatur,
1022 524 1315 565 nihilominus
1336 526 1542 576 religiose
1562 526 1745 566 uiuendi
1776 527 1951 578 regulas

335 590 615 641 praescribat,
648 592 825 640 totaque
849 589 1036 640 collegia
1065 589 1230 629 iudicio
1260 590 1437 640 penitus
1457 590 1728 641 arbitrioque
1757 602 1838 630 suo
1860 603 1951 631 mo-

333 655 519 695 deretur.
553 655 667 694 Hinc
696 655 826 693 etiam
858 654 933 705 alij
967 654 1117 693 Patres
1148 654 1368 694 interdum
1408 655 1463 694 ad
1492 667 1543 694 ea
1572 655 1668 694 loca
1698 655 1947 704 mittuntur,

334 723 381 760 ut
403 720 486 771 pijS
516 719 904 758 adhortationibus
926 718 1155 769 religiosas
1185 719 1379 770 virgines
1399 719 1604 767 excitent,
1636 721 1677 758 et
1706 721 1843 759 sacris
1865 732 1951 760 me·

333 783 624 823 ditationibus
654 782 953 833 proponendis
982 784 1224 822 exerceant.
1257 783 1341 822 Sed
1380 785 1422 822 et
1450 794 1601 822 earum
1631 783 1946 832 confessiones,

332 860 460 898 saepe
489 847 729 898 generales,
752 847 955 894 audiunt,
986 859 1087 886 cum
1113 847 1157 886 id
1187 848 1430 898 permultae
1451 847 1655 898 precibus
1684 847 1946 899 efflagitent3

332 913 446 963 quod
483 914 597 951 certe
628 912 785 950 mirum
827 911 968 951 uideri
998 914 1154 962 potest.
1179 912 1288 952 Cum
1318 913 1435 951 enim
1465 914 1594 951 antea
1624 912 1713 952 fere
1742 924 1895 953 omnes
1924 925 1949 952 a

331 977 546 1028 frequenti
578 978 952 1015 sacramentorum
983 988 1066 1016 usu
1097 979 1243 1016 essent
1268 977 1505 1016 admodum
1536 976 1721 1024 alienae,
1754 977 1949 1028 adeoque

330 1053 356 1080 a
385 1040 549 1080 nostris
578 1052 673 1079 eam
694 1041 750 1079 ob
779 1051 957 1079 causam
980 1041 1265 1080 abhorrerent
1299 1040 1331 1087 b,
1365 1043 1411 1080 ut
1436 1040 1513 1080 uix
1542 1052 1692 1080 eorum
1723 1043 1948 1091 aspectum

330 1106 440 1145 ferre
461 1107 663 1156 possent;
696 1116 815 1144 nunc
836 1105 1128 1144 libentissime
1158 1117 1307 1144 eorum
1330 1105 1531 1156 consilijs
1552 1107 1722 1156 parent,
1745 1107 1786 1144 et
1815 1117 1948 1156 quam

329 1171 587 1222 saepissime
607 1170 804 1209 confiteri
826 1181 876 1209 ac
904 1170 1134 1209 caelestem
1156 1170 1318 1217 cibum,
1351 1170 1529 1220 saepius
1550 1170 1683 1209 etiam
1714 1169 1761 1209 in
1781 1170 1949 1210 hebdo-

330 1236 472 1282 mada,
495 1235 716 1285 suscipere
737 1235 1014 1285 percupiunt.
1039 1235 1282 1282 Praeterea,
1305 1246 1405 1274 cum
1427 1235 1470 1273 id
1502 1234 1547 1273 in
1578 1235 1660 1274 hac
1685 1235 1786 1274 vrbe
1807 1235 1945 1275 ueteri

329 1300 648 1340 consuetudine
678 1300 769 1338 fieri
799 1299 1094 1345 consueuerit,
1127 1302 1175 1339 ut
1198 1310 1465 1350 unoquoque
1495 1311 1613 1338 anno
1643 1300 1779 1339 semel
1808 1300 1948 1339 omni-

330 1365 412 1404 bus
442 1364 722 1415 presbyteris,
763 1363 839 1414 qui
879 1363 924 1402 in
955 1363 1036 1402 hac
1074 1363 1263 1403 dioecesi
1294 1375 1444 1402 curam
1484 1363 1735 1403 animarum
1765 1364 1945 1411 habent,

329 1441 471 1469 sermo
502 1429 547 1468 in
568 1440 741 1468 summo
772 1429 935 1478 templo
956 1428 1009 1467 de
1038 1428 1217 1468 illorum
1239 1428 1397 1479 officijs
1420 1429 1656 1475 habeatur3
1685 1428 1728 1467 id
1752 1428 1947 1468 muneris

329 1495 412 1534 hoc
440 1506 572 1539 anno,
605 1495 652 1533 ut
681 1493 889 1532 omnibus
919 1493 1006 1532 fere
1032 1493 1351 1543 superioribus,
1385 1493 1472 1532 Pri.
1507 1493 1680 1532 Rectori
1710 1494 1766 1532 ab
1794 1494 1947 1533 eodem

329 1560 379 1599 R.
404 1560 454 1599 D.
482 1559 648 1598 vicario
677 1558 871 1597 delatum
902 1558 998 1597 fuit.
1033 1559 1316 1608 [mpetratum
1351 1558 1481 1597 etiam
1521 1560 1586 1597 est
1615 1559 1671 1598 ab
1700 1559 1866 1606 eodem,
1898 1561 1946 1598 ut

329 1637 445 1664 unus
466 1636 517 1663 ex
546 1623 711 1663 nostris
733 1623 940 1662 Patribus
961 1623 1029 1662 bis
1050 1623 1241 1674 singulis
1262 1623 1553 1662 hebdomadis
1573 1635 1702 1662 casus
1722 1623 1946 1663 conscien-

327 1690 414 1729 tiae
443 1689 651 1728 omnibus
680 1688 997 1735 sacerdotibus,
1029 1688 1105 1738 qui
1136 1688 1308 1738 paroeci
1348 1690 1575 1735 vocantur,
1609 1688 1782 1738 publice
1811 1688 1946 1739 expli-

327 1756 465 1801 caret,
498 1766 550 1793 ex
579 1753 743 1803 quibus
772 1753 980 1791 omnibus
1010 1752 1335 1803 quamplurima
1366 1753 1421 1791 ad
1460 1754 1659 1803 pastores
1688 1764 1739 1792 ac
1767 1753 1823 1792 ad
1852 1764 1945 1804 gre-

327 1831 423 1870 gem
454 1818 587 1857 simul
616 1817 846 1857 commoda
876 1817 1158 1867 proueniunt.

405 1884 443 1922 5.
476 1883 616 1929 Nunc,
648 1884 695 1921 ut
725 1882 936 1933 quiddam
966 1881 1199 1932 subijciam
1222 1883 1338 1932 quod
1362 1882 1407 1921 in
1430 1883 1543 1921 hanc
1563 1882 1747 1921 eandem
1770 1884 1943 1922 senten-

326 1947 430 1986 tiam
462 1958 556 1986 sese
577 1947 716 1993 offert,
741 1946 801 1985 rei
823 1946 1191 1985 demonstrandae
1212 1946 1390 1985 initium
1416 1947 1547 1997 paulo
1569 1946 1704 1985 altius
1734 1948 1940 1997 repetam.

326 2012 433 2052 Cum
465 2012 771 2051 nobilissimus
805 2011 985 2061 quidam
1030 2011 1234 2050 sacerdos
1278 2011 1502 2051 lusitanus
1532 2013 1561 2057 1,
1594 2023 1619 2050 a
1648 2023 1729 2051 suo
1759 2023 1859 2062 rege
1888 2011 1943 2050 ad

325 2077 558 2117 concilium
606 2076 782 2121 missus,
817 2076 897 2114 hac
928 2075 1228 2125 pertransiret,
1262 2078 1461 2115 nostrum
1505 2076 1758 2126 collegium,
1790 2078 1838 2116 ut
1866 2076 1942 2127 qui

325 2142 436 2180 alias
465 2141 720 2181 Lusitaniae
752 2143 901 2179 nostra
930 2140 1144 2179 Societate
1176 2140 1523 2179 familiarissime
1552 2152 1662 2180 usus
1691 2140 1847 2187 fuerat,
1879 2141 1943 2179 in-

325 2207 445 2254 uisit,
477 2209 519 2245 et
548 2207 747 2253 fratrum,
781 2207 827 2245 ut
857 2205 1030 2244 credere
1059 2207 1138 2252 est,
1171 2206 1491 2245 consuetudine
1535 2208 1666 2256 atque
1709 2205 1939 2252 modestia,

324 2284 436 2323 quae
465 2272 548 2311 sibi
580 2283 606 2310 a
634 2279 649 2297 0
684 2271 873 2321 pueritia
902 2273 1006 2309 nota
1036 2270 1191 2313 fuerat,
1225 2270 1457 2317 inuitatus,
1489 2283 1588 2310 cum
1628 2271 1766 2310 alium
1796 2271 1940 2310 locum

324 2349 411 2387 quo
440 2338 580 2377 tutius
609 2339 740 2387 atque
770 2336 1001 2375 honestius
1021 2336 1271 2383 diuerteret,
1295 2336 1466 2375 nullum
1490 2348 1585 2376 esse
1614 2336 1886 2375 existimaret
1905 2335 1938 2385 d,

324 2402 553 2441 nobiscum
584 2401 756 2440 circiter
788 2401 835 2439 15
869 2400 962 2439 dies
1005 2412 1100 2439 esse
1145 2400 1301 2447 uoluit,
1335 2412 1433 2439 cum
1466 2400 1509 2440 id
1539 2413 1564 2440 a
1594 2401 1645 2440 R.
1679 2401 1726 2440 P.
1759 2401 1941 2440 Rectore

324 2478 402 2517 pro
431 2466 525 2505 suis
556 2466 601 2505 in
631 2466 891 2505 Societatem
936 2465 1102 2503 meritis
1134 2465 1336 2515 precibus
1366 2465 1657 2516 impetrasset.
1691 2465 1786 2515 Quo
1816 2465 1940 2504 breui

384 2605 402 2623 a
424 2596 640 2628 monialium
666 2596 794 2627 multis
811 2595 853 2626 ‘iu
871 2604 940 2627 ms.
958 2604 967 2627 ,·
983 2594 1050 2626 scd
1073 2593 1218 2625 litteris
1236 2603 1257 2625 a
1284 2596 1317 2625 et
1341 2594 1362 2624 b
1381 2594 1643 2635 superpositis
1660 2594 1868 2626 indicatur
1883 2603 1940 2626 or-

321 2649 455 2688 glinem
478 2649 726 2681 nmtamlmn.
742 2667 779 2670 —
794 2648 810 2674 b
831 2647 1112 2679 abhorrererent
1137 2655 1205 2678 ms,
1231 2665 1269 2668 ——
1293 2655 1307 2673 e
1329 2646 1489 2679 Ememl.
1514 2656 1561 2679 cac·
1584 2647 1642 2679 ad.
1667 2666 1706 2669 —
1729 2647 1748 2673 d
1773 2647 1939 2679 Obscure

322 2704 496 2735 emrat.:
518 2701 639 2742 prins
663 2701 906 2733 existimauit.

384 2832 391 2848 ¹
417 2830 678 2862 Verisimiliter
700 2829 772 2861 fuit
795 2829 828 2861 is
854 2829 1014 2861 Didacus
1038 2829 1160 2869 Payva
1183 2829 1227 2860 de
1250 2828 1421 2861 Andrade
1444 2829 1651 2869 (1528-1575)
1675 2829 1752 2870 qui,
1777 2829 1934 2861 durante

322 2882 485 2914 Concilio
508 2883 723 2916 tridentino.
750 2882 947 2914 Societatis
971 2882 1053 2914 Iesu
1077 2882 1284 2922 apologiam
1318 2882 1469 2922 scripsit
1503 2882 1612 2914 initio
1640 2882 1777 2922 operis:
1808 2882 1938 2914 Ortho-

322 2935 516 2967 <mmmm
539 2936 846 2976 ewlieatffannm
871 2935 966 2967 libre:
990 2934 1047 2970 10,
1073 2943 1170 2966 anno
1206 2935 1285 2966 1564
1314 2935 1486 2966 Coloniae
1510 2936 1545 2966 et
1569 2935 1735 2967 Venetiis
1758 2935 1861 2967 editi.
1887 2935 1937 2967 De

322 2987 390 3019 hac
424 2988 615 3029 apologiae
639 2988 905 3028 compositIOne
930 2988 1046 3019 multa
1070 2987 1236 3018 invenies
1261 2987 1298 3018 in
1323 2987 1445 3028 Epist,
1471 2988 1513 3019 l).
1543 2987 1689 3023 Nadab.
1722 2988 1754 3019 II
1777 2989 1811 3020 et
1835 2988 1931 3028 apud

325 3039 634 3071 BRAUNsssEnoER:
662 3040 703 3071 B.
730 3040 771 3072 P.
804 3040 960 3071 canisii
984 3039 1119 3080 Epist„
1144 3039 1205 3077 III,
1231 3039 1300 3070 sub
1324 3040 1450 3071 verbo:
1477 3039 1598 3080 Payva
1621 3040 1664 3071 de
1688 3039 1869 3072 Andrade.
