<?xml version="1.0" encoding="UTF-8"?>
<!DOCTYPE html PUBLIC "-//W3C//DTD XHTML 1.0 Transitional//EN"
    "http://www.w3.org/TR/xhtml1/DTD/xhtml1-transitional.dtd">
<html xmlns="http://www.w3.org/1999/xhtml" xml:lang="en" lang="en">
 <head>
  <title>
</title>
<meta http-equiv="Content-Type" content="text/html;charset=utf-8" />
  <meta name='ocr-system' content='tesseract 3.04.00' />
  <meta name='ocr-capabilities' content='ocr_page ocr_carea ocr_par ocr_line ocrx_word'/>
</head>
<body>
  <div class='ocr_page' id='page_1' title='image "./litteraequadrime19lain_0819.png"; bbox 0 0 2099 3516; ppageno 0'>
   <div class='ocr_carea' id='block_1_1' title="bbox 844 291 1797 331">
    <p class='ocr_par' dir='ltr' id='par_1_1' title="bbox 844 291 1797 331">
     <span class='ocr_line' id='line_1_1' title="bbox 844 291 1797 331; baseline -0.002 -2"><span class='ocrx_word' id='word_1_1' title='bbox 844 304 967 330; x_wconf 73' lang='lat' dir='ltr'>mnex</span> <span class='ocrx_word' id='word_1_2' title='bbox 993 304 1214 331; x_wconf 71' lang='lat' dir='ltr'>Aucromm</span> <span class='ocrx_word' id='word_1_3' title='bbox 1729 291 1797 328; x_wconf 88' lang='lat'>793</span> 
     </span>
    </p>
   </div>
   <div class='ocr_carea' id='block_1_2' title="bbox 214 410 1846 1757">
    <p class='ocr_par' dir='ltr' id='par_1_2' title="bbox 215 410 1844 513">
     <span class='ocr_line' id='line_1_2' title="bbox 215 410 1844 459; baseline -0.001 -12"><span class='ocrx_word' id='word_1_4' title='bbox 215 411 455 459; x_wconf 75' lang='lat' dir='ltr'><strong>[DELPLACE‚</strong></span> <span class='ocrx_word' id='word_1_5' title='bbox 482 410 723 452; x_wconf 57' lang='lat' dir='ltr'>Ludoxdcus,</span> <span class='ocrx_word' id='word_1_6' title='bbox 751 411 787 447; x_wconf 81' lang='lat' dir='ltr'>S.</span> <span class='ocrx_word' id='word_1_7' title='bbox 816 411 871 458; x_wconf 89' lang='lat' dir='ltr'>I.].</span> <span class='ocrx_word' id='word_1_8' title='bbox 900 432 941 437; x_wconf 92' lang='lat'><strong>—</strong></span> <span class='ocrx_word' id='word_1_9' title='bbox 978 412 1176 459; x_wconf 87' lang='lat' dir='ltr'>Synopsis</span> <span class='ocrx_word' id='word_1_10' title='bbox 1214 414 1395 447; x_wconf 87' lang='lat' dir='ltr'>actorum</span> <span class='ocrx_word' id='word_1_11' title='bbox 1433 411 1469 447; x_wconf 88' lang='lat' dir='ltr'>S.</span> <span class='ocrx_word' id='word_1_12' title='bbox 1498 411 1613 447; x_wconf 87' lang='lat' dir='ltr'>Sedis</span> <span class='ocrx_word' id='word_1_13' title='bbox 1651 411 1693 446; x_wconf 91' lang='lat' dir='ltr'>in</span> <span class='ocrx_word' id='word_1_14' title='bbox 1720 420 1844 445; x_wconf 86' lang='lat' dir='ltr'>eausa</span> 
     </span>
     <span class='ocr_line' id='line_1_3' title="bbox 287 469 1516 513; baseline 0 -7"><span class='ocrx_word' id='word_1_15' title='bbox 287 470 505 507; x_wconf 87' lang='lat' dir='ltr'>Societatis</span> <span class='ocrx_word' id='word_1_16' title='bbox 532 469 634 505; x_wconf 88' lang='lat' dir='ltr'>Iesu.</span> <span class='ocrx_word' id='word_1_17' title='bbox 660 469 682 504; x_wconf 63' lang='lat'>9</span> <span class='ocrx_word' id='word_1_18' title='bbox 710 471 787 506; x_wconf 86' lang='lat' dir='ltr'>vol.</span> <span class='ocrx_word' id='word_1_19' title='bbox 815 471 1044 507; x_wconf 77' lang='lat' dir='ltr'>Florentiae</span> <span class='ocrx_word' id='word_1_20' title='bbox 1074 471 1176 512; x_wconf 85' lang='lat'>1887,</span> <span class='ocrx_word' id='word_1_21' title='bbox 1202 470 1387 513; x_wconf 83' lang='lat' dir='ltr'>Lovanii,</span> <span class='ocrx_word' id='word_1_22' title='bbox 1416 470 1516 506; x_wconf 85' lang='lat'>1895.</span> 
     </span>
    </p>

    <p class='ocr_par' dir='ltr' id='par_1_3' title="bbox 216 527 1844 693">
     <span class='ocr_line' id='line_1_4' title="bbox 216 527 1844 572; baseline -0.002 -7"><span class='ocrx_word' id='word_1_23' title='bbox 216 528 597 572; x_wconf 74' lang='lat' dir='ltr'>Dnnn‚-ssernhard‚</span> <span class='ocrx_word' id='word_1_24' title='bbox 625 528 662 564; x_wconf 87' lang='lat' dir='ltr'>S.</span> <span class='ocrx_word' id='word_1_25' title='bbox 691 528 717 564; x_wconf 92' lang='grc'>1.</span> <span class='ocrx_word' id='word_1_26' title='bbox 754 550 794 554; x_wconf 96' lang='grc'><strong>-</strong></span> <span class='ocrx_word' id='word_1_27' title='bbox 835 528 1074 565; x_wconf 86' lang='lat' dir='ltr'>Gesehiehte</span> <span class='ocrx_word' id='word_1_28' title='bbox 1116 530 1186 565; x_wconf 89' lang='lat' dir='ltr'>der</span> <span class='ocrx_word' id='word_1_29' title='bbox 1226 530 1409 565; x_wconf 87' lang='lat' dir='ltr'>Jesuiten</span> <span class='ocrx_word' id='word_1_30' title='bbox 1453 529 1492 564; x_wconf 90' lang='lat' dir='ltr'>in</span> <span class='ocrx_word' id='word_1_31' title='bbox 1537 529 1614 564; x_wconf 91' lang='lat' dir='ltr'>den</span> <span class='ocrx_word' id='word_1_32' title='bbox 1656 527 1844 564; x_wconf 68' lang='lat' dir='ltr'>Landern</span> 
     </span>
     <span class='ocr_line' id='line_1_5' title="bbox 276 586 1844 634; baseline -0.001 -11"><span class='ocrx_word' id='word_1_33' title='bbox 276 587 492 624; x_wconf 86' lang='lat' dir='ltr'>deutscher</span> <span class='ocrx_word' id='word_1_34' title='bbox 518 586 666 633; x_wconf 84' lang='lat' dir='ltr'>Zunge.</span> <span class='ocrx_word' id='word_1_35' title='bbox 694 588 714 623; x_wconf 78' lang='lat'><strong>4</strong></span> <span class='ocrx_word' id='word_1_36' title='bbox 742 588 818 623; x_wconf 83' lang='lat' dir='ltr'>vol.</span> <span class='ocrx_word' id='word_1_37' title='bbox 846 587 1040 634; x_wconf 79' lang='lat' dir='ltr'>Freiburg</span> <span class='ocrx_word' id='word_1_38' title='bbox 1066 589 1119 623; x_wconf 90' lang='lat' dir='ltr'>im</span> <span class='ocrx_word' id='word_1_39' title='bbox 1147 588 1211 624; x_wconf 69' lang='grc' dir='ltr'><strong>ΒΓ.</strong></span> <span class='ocrx_word' id='word_1_40' title='bbox 1242 588 1330 624; x_wconf 97' lang='lat'>1907</span> <span class='ocrx_word' id='word_1_41' title='bbox 1369 608 1410 613; x_wconf 92' lang='lat'><strong>—</strong></span> <span class='ocrx_word' id='word_1_42' title='bbox 1448 586 1844 633; x_wconf 53' lang='lat' dir='ltr'>iliinohen-Regens-</span> 
     </span>
     <span class='ocr_line' id='line_1_6' title="bbox 285 646 528 693; baseline 0 -11"><span class='ocrx_word' id='word_1_43' title='bbox 285 647 399 693; x_wconf 82' lang='lat' dir='ltr'>burg,</span> <span class='ocrx_word' id='word_1_44' title='bbox 427 646 528 682; x_wconf 60' lang='lat'>1998.</span> 
     </span>
    </p>

    <p class='ocr_par' dir='ltr' id='par_1_4' title="bbox 214 704 1846 870">
     <span class='ocr_line' id='line_1_7' title="bbox 214 704 1846 753; baseline -0.001 -12"><span class='ocrx_word' id='word_1_45' title='bbox 214 726 260 732; x_wconf 93' lang='lat'>—</span> <span class='ocrx_word' id='word_1_46' title='bbox 286 705 359 741; x_wconf 90' lang='lat' dir='ltr'>Die</span> <span class='ocrx_word' id='word_1_47' title='bbox 386 705 561 742; x_wconf 69' lang='lat' dir='ltr'>altesten</span> <span class='ocrx_word' id='word_1_48' title='bbox 589 705 883 752; x_wconf 60' lang='lat' dir='ltr'>Studienpliine</span> <span class='ocrx_word' id='word_1_49' title='bbox 910 706 979 742; x_wconf 87' lang='lat' dir='ltr'>des</span> <span class='ocrx_word' id='word_1_50' title='bbox 1004 707 1473 753; x_wconf 79' lang='lat' dir='ltr'>Jesuitengymnasiums</span> <span class='ocrx_word' id='word_1_51' title='bbox 1509 706 1550 741; x_wconf 91' lang='lat' dir='ltr'>in</span> <span class='ocrx_word' id='word_1_52' title='bbox 1582 705 1698 741; x_wconf 70' lang='lat' dir='ltr'>Koln.</span> <span class='ocrx_word' id='word_1_53' title='bbox 1728 704 1846 750; x_wconf 87' lang='lat' dir='ltr'>(Son-</span> 
     </span>
     <span class='ocr_line' id='line_1_8' title="bbox 284 763 1844 812; baseline -0.001 -12"><span class='ocrx_word' id='word_1_54' title='bbox 284 764 538 800; x_wconf 87' lang='lat' dir='ltr'>derabdruck</span> <span class='ocrx_word' id='word_1_55' title='bbox 580 775 654 800; x_wconf 87' lang='lat' dir='ltr'>aus</span> <span class='ocrx_word' id='word_1_56' title='bbox 703 765 780 800; x_wconf 89' lang='lat' dir='ltr'>den</span> <span class='ocrx_word' id='word_1_57' title='bbox 820 764 1104 812; x_wconf 86' lang='lat' dir='ltr'>Mitteilungen</span> <span class='ocrx_word' id='word_1_58' title='bbox 1143 766 1212 801; x_wconf 88' lang='lat' dir='ltr'>der</span> <span class='ocrx_word' id='word_1_59' title='bbox 1251 765 1518 801; x_wconf 83' lang='lat' dir='ltr'>Gesellschaft</span> <span class='ocrx_word' id='word_1_60' title='bbox 1554 766 1616 800; x_wconf 75' lang='lat' dir='ltr'>fiir</span> <span class='ocrx_word' id='word_1_61' title='bbox 1650 763 1844 799; x_wconf 82' lang='lat' dir='ltr'>deutsche</span> 
     </span>
     <span class='ocr_line' id='line_1_9' title="bbox 286 823 1372 870; baseline 0 -10"><span class='ocrx_word' id='word_1_62' title='bbox 286 823 537 870; x_wconf 85' lang='lat' dir='ltr'>Erziehungs</span> <span class='ocrx_word' id='word_1_63' title='bbox 565 823 646 859; x_wconf 87' lang='lat' dir='ltr'>und</span> <span class='ocrx_word' id='word_1_64' title='bbox 674 824 1060 870; x_wconf 82' lang='lat' dir='ltr'>Schulgeschichte).</span> <span class='ocrx_word' id='word_1_65' title='bbox 1088 824 1241 868; x_wconf 83' lang='lat' dir='ltr'>Berlin,</span> <span class='ocrx_word' id='word_1_66' title='bbox 1271 825 1372 860; x_wconf 83' lang='lat'>1898.</span> 
     </span>
    </p>

    <p class='ocr_par' dir='ltr' id='par_1_5' title="bbox 215 881 1845 1047">
     <span class='ocr_line' id='line_1_10' title="bbox 215 881 1844 931; baseline -0.002 -12"><span class='ocrx_word' id='word_1_67' title='bbox 215 882 422 930; x_wconf 88' lang='lat' dir='ltr'>Epistolae</span> <span class='ocrx_word' id='word_1_68' title='bbox 450 882 523 918; x_wconf 90' lang='grc' dir='ltr'><strong>ΡΡ.</strong></span> <span class='ocrx_word' id='word_1_69' title='bbox 552 882 760 918; x_wconf 88' lang='lat' dir='ltr'>Paschasii</span> <span class='ocrx_word' id='word_1_70' title='bbox 790 882 939 923; x_wconf 76' lang='lat' dir='ltr'>Broe&#39;ti,</span> <span class='ocrx_word' id='word_1_71' title='bbox 967 883 1125 919; x_wconf 81' lang='lat' dir='ltr'>Claudii</span> <span class='ocrx_word' id='word_1_72' title='bbox 1164 884 1256 931; x_wconf 81' lang='lat' dir='ltr'>Jaji,</span> <span class='ocrx_word' id='word_1_73' title='bbox 1293 884 1465 919; x_wconf 73' lang='lat' dir='ltr'>,Ioannis</span> <span class='ocrx_word' id='word_1_74' title='bbox 1504 882 1669 919; x_wconf 84' lang='lat' dir='ltr'>Codurii</span> <span class='ocrx_word' id='word_1_75' title='bbox 1709 884 1749 917; x_wconf 90' lang='lat' dir='ltr'>et</span> <span class='ocrx_word' id='word_1_76' title='bbox 1784 881 1844 917; x_wconf 91' lang='lat' dir='ltr'>Si-</span> 
     </span>
     <span class='ocr_line' id='line_1_11' title="bbox 286 939 1845 989; baseline -0.001 -12"><span class='ocrx_word' id='word_1_77' title='bbox 286 942 418 977; x_wconf 84' lang='lat' dir='ltr'>monis</span> <span class='ocrx_word' id='word_1_78' title='bbox 446 941 662 984; x_wconf 85' lang='lat' dir='ltr'>Roderieii,</span> <span class='ocrx_word' id='word_1_79' title='bbox 691 941 908 977; x_wconf 79' lang='lat' dir='ltr'>Societatis</span> <span class='ocrx_word' id='word_1_80' title='bbox 935 942 1043 983; x_wconf 84' lang='lat' dir='ltr'>Jesu,</span> <span class='ocrx_word' id='word_1_81' title='bbox 1074 953 1122 977; x_wconf 79' lang='lat' dir='ltr'>ex</span> <span class='ocrx_word' id='word_1_82' title='bbox 1158 942 1426 989; x_wconf 79' lang='lat' dir='ltr'>autographis</span> <span class='ocrx_word' id='word_1_83' title='bbox 1469 941 1531 977; x_wconf 86' lang='lat' dir='ltr'>vel</span> <span class='ocrx_word' id='word_1_84' title='bbox 1573 939 1845 987; x_wconf 81' lang='lat' dir='ltr'>originalibus</span> 
     </span>
     <span class='ocr_line' id='line_1_12' title="bbox 285 1000 1590 1047; baseline 0 -11"><span class='ocrx_word' id='word_1_85' title='bbox 285 1000 482 1047; x_wconf 82' lang='lat' dir='ltr'>exemplis</span> <span class='ocrx_word' id='word_1_86' title='bbox 511 1001 764 1045; x_wconf 87' lang='lat' dir='ltr'>potissimum</span> <span class='ocrx_word' id='word_1_87' title='bbox 794 1001 1068 1047; x_wconf 77' lang='lat' dir='ltr'>depromptae.</span> <span class='ocrx_word' id='word_1_88' title='bbox 1095 1001 1263 1042; x_wconf 83' lang='lat' dir='ltr'>Matriti,</span> <span class='ocrx_word' id='word_1_89' title='bbox 1291 1002 1394 1037; x_wconf 83' lang='lat'>1903.</span> <span class='ocrx_word' id='word_1_90' title='bbox 1417 1000 1590 1046; x_wconf 81' lang='lat' dir='ltr'>(MHSJ).</span> 
     </span>
    </p>

    <p class='ocr_par' dir='ltr' id='par_1_6' title="bbox 215 1058 1844 1165">
     <span class='ocr_line' id='line_1_13' title="bbox 215 1058 1844 1106; baseline -0.001 -11"><span class='ocrx_word' id='word_1_91' title='bbox 215 1059 422 1106; x_wconf 87' lang='lat' dir='ltr'>Epistolae</span> <span class='ocrx_word' id='word_1_92' title='bbox 451 1059 490 1095; x_wconf 87' lang='lat' dir='ltr'>P.</span> <span class='ocrx_word' id='word_1_93' title='bbox 518 1059 757 1106; x_wconf 88' lang='lat' dir='ltr'>Hieronymi</span> <span class='ocrx_word' id='word_1_94' title='bbox 787 1059 927 1100; x_wconf 86' lang='lat' dir='ltr'>Nadal,</span> <span class='ocrx_word' id='word_1_95' title='bbox 955 1060 1173 1096; x_wconf 84' lang='lat' dir='ltr'>Societatis</span> <span class='ocrx_word' id='word_1_96' title='bbox 1199 1060 1306 1101; x_wconf 83' lang='lat' dir='ltr'>Jesu,</span> <span class='ocrx_word' id='word_1_97' title='bbox 1334 1059 1384 1095; x_wconf 86' lang='lat' dir='ltr'>ab</span> <span class='ocrx_word' id='word_1_98' title='bbox 1411 1070 1519 1095; x_wconf 91' lang='lat' dir='ltr'>anno</span> <span class='ocrx_word' id='word_1_99' title='bbox 1549 1059 1639 1095; x_wconf 79' lang='lat'>1546</span> <span class='ocrx_word' id='word_1_100' title='bbox 1665 1058 1714 1094; x_wconf 89' lang='lat' dir='ltr'>ad</span> <span class='ocrx_word' id='word_1_101' title='bbox 1744 1058 1844 1094; x_wconf 87' lang='lat'>1577.</span> 
     </span>
     <span class='ocr_line' id='line_1_14' title="bbox 289 1118 1042 1165; baseline 0 -11"><span class='ocrx_word' id='word_1_102' title='bbox 289 1119 312 1154; x_wconf 80' lang='lat'>4</span> <span class='ocrx_word' id='word_1_103' title='bbox 338 1118 415 1155; x_wconf 86' lang='lat' dir='ltr'>vol.</span> <span class='ocrx_word' id='word_1_104' title='bbox 441 1118 609 1160; x_wconf 84' lang='lat' dir='ltr'>Matriti‚</span> <span class='ocrx_word' id='word_1_105' title='bbox 637 1118 849 1154; x_wconf 78' lang='grc'><strong>1898-1905.</strong></span> <span class='ocrx_word' id='word_1_106' title='bbox 868 1118 1042 1165; x_wconf 82' lang='lat' dir='ltr'>(MHSJ).</span> 
     </span>
    </p>

    <p class='ocr_par' dir='ltr' id='par_1_7' title="bbox 215 1176 1844 1342">
     <span class='ocr_line' id='line_1_15' title="bbox 215 1176 1844 1226; baseline -0.002 -11"><span class='ocrx_word' id='word_1_107' title='bbox 215 1178 422 1226; x_wconf 90' lang='lat' dir='ltr'>Epistolae</span> <span class='ocrx_word' id='word_1_108' title='bbox 449 1178 490 1214; x_wconf 87' lang='lat' dir='ltr'>P.</span> <span class='ocrx_word' id='word_1_109' title='bbox 517 1178 718 1224; x_wconf 90' lang='lat' dir='ltr'>Alphonsi</span> <span class='ocrx_word' id='word_1_110' title='bbox 747 1178 1008 1220; x_wconf 74' lang='lat' dir='ltr'>Salmeronis,</span> <span class='ocrx_word' id='word_1_111' title='bbox 1036 1179 1254 1214; x_wconf 84' lang='lat' dir='ltr'>Societatis</span> <span class='ocrx_word' id='word_1_112' title='bbox 1281 1179 1388 1219; x_wconf 85' lang='lat' dir='ltr'>Jesu,</span> <span class='ocrx_word' id='word_1_113' title='bbox 1415 1190 1463 1214; x_wconf 84' lang='lat' dir='ltr'>ex</span> <span class='ocrx_word' id='word_1_114' title='bbox 1492 1177 1759 1224; x_wconf 77' lang='lat' dir='ltr'>autographis</span> <span class='ocrx_word' id='word_1_115' title='bbox 1782 1176 1844 1212; x_wconf 91' lang='lat' dir='ltr'>vel</span> 
     </span>
     <span class='ocr_line' id='line_1_16' title="bbox 285 1235 1844 1284; baseline -0.001 -10"><span class='ocrx_word' id='word_1_116' title='bbox 285 1237 557 1280; x_wconf 74' lang='lat' dir='ltr'>originalibus</span> <span class='ocrx_word' id='word_1_117' title='bbox 584 1237 781 1284; x_wconf 81' lang='lat' dir='ltr'>exemplis</span> <span class='ocrx_word' id='word_1_118' title='bbox 807 1238 1064 1283; x_wconf 86' lang='lat' dir='ltr'>potissimum</span> <span class='ocrx_word' id='word_1_119' title='bbox 1096 1238 1368 1284; x_wconf 80' lang='lat' dir='ltr'>depromptae.</span> <span class='ocrx_word' id='word_1_120' title='bbox 1397 1238 1418 1273; x_wconf 66' lang='lat' dir='ltr'><strong><em>Q</em></strong></span> <span class='ocrx_word' id='word_1_121' title='bbox 1445 1238 1522 1273; x_wconf 81' lang='lat' dir='ltr'>vol.</span> <span class='ocrx_word' id='word_1_122' title='bbox 1548 1237 1714 1278; x_wconf 68' lang='lat' dir='ltr'>Matrsti,</span> <span class='ocrx_word' id='word_1_123' title='bbox 1743 1235 1844 1276; x_wconf 85' lang='lat'>1906,</span> 
     </span>
     <span class='ocr_line' id='line_1_17' title="bbox 288 1297 587 1342; baseline 0.003 -10"><span class='ocrx_word' id='word_1_124' title='bbox 288 1297 388 1333; x_wconf 91' lang='lat'>1907.</span> <span class='ocrx_word' id='word_1_125' title='bbox 411 1297 587 1342; x_wconf 85' lang='lat' dir='ltr'>(MHSJ).</span> 
     </span>
    </p>

    <p class='ocr_par' dir='ltr' id='par_1_8' title="bbox 215 1354 1845 1462">
     <span class='ocr_line' id='line_1_18' title="bbox 215 1354 1845 1403; baseline -0.002 -11"><span class='ocrx_word' id='word_1_126' title='bbox 215 1356 422 1403; x_wconf 86' lang='lat' dir='ltr'>Epistolae</span> <span class='ocrx_word' id='word_1_127' title='bbox 448 1356 612 1395; x_wconf 81' lang='lat' dir='ltr'>Mixtae,</span> <span class='ocrx_word' id='word_1_128' title='bbox 638 1367 687 1391; x_wconf 83' lang='lat' dir='ltr'>ex</span> <span class='ocrx_word' id='word_1_129' title='bbox 715 1356 840 1391; x_wconf 81' lang='lat' dir='ltr'>variis</span> <span class='ocrx_word' id='word_1_130' title='bbox 870 1355 1052 1402; x_wconf 81' lang='lat' dir='ltr'>Europae</span> <span class='ocrx_word' id='word_1_131' title='bbox 1082 1355 1194 1397; x_wconf 79' lang='lat' dir='ltr'>loeis,</span> <span class='ocrx_word' id='word_1_132' title='bbox 1222 1356 1271 1391; x_wconf 88' lang='lat' dir='ltr'>ab</span> <span class='ocrx_word' id='word_1_133' title='bbox 1299 1367 1407 1391; x_wconf 90' lang='lat' dir='ltr'>anno</span> <span class='ocrx_word' id='word_1_134' title='bbox 1438 1356 1526 1391; x_wconf 84' lang='lat'>1537</span> <span class='ocrx_word' id='word_1_135' title='bbox 1553 1355 1603 1390; x_wconf 87' lang='lat' dir='ltr'>ad</span> <span class='ocrx_word' id='word_1_136' title='bbox 1633 1354 1724 1390; x_wconf 70' lang='lat'>1556</span> <span class='ocrx_word' id='word_1_137' title='bbox 1748 1354 1845 1390; x_wconf 84' lang='lat' dir='ltr'>sori-</span> 
     </span>
     <span class='ocr_line' id='line_1_19' title="bbox 286 1415 1176 1462; baseline 0 -11"><span class='ocrx_word' id='word_1_138' title='bbox 286 1419 391 1462; x_wconf 88' lang='lat' dir='ltr'>ptae.</span> <span class='ocrx_word' id='word_1_139' title='bbox 417 1417 440 1451; x_wconf 90' lang='lat'>5</span> <span class='ocrx_word' id='word_1_140' title='bbox 467 1416 543 1451; x_wconf 85' lang='lat' dir='ltr'>vol.</span> <span class='ocrx_word' id='word_1_141' title='bbox 571 1416 738 1457; x_wconf 78' lang='lat' dir='ltr'>Matriti,</span> <span class='ocrx_word' id='word_1_142' title='bbox 766 1415 978 1451; x_wconf 83' lang='grc'><strong>1898-1901.</strong></span> <span class='ocrx_word' id='word_1_143' title='bbox 1001 1415 1176 1460; x_wconf 81' lang='lat' dir='ltr'>(MHSJ).</span> 
     </span>
    </p>

    <p class='ocr_par' dir='ltr' id='par_1_9' title="bbox 215 1473 1843 1692">
     <span class='ocr_line' id='line_1_20' title="bbox 215 1473 1841 1522; baseline -0.001 -11"><span class='ocrx_word' id='word_1_144' title='bbox 215 1475 378 1522; x_wconf 79' lang='lat' dir='ltr'>Espafia</span> <span class='ocrx_word' id='word_1_145' title='bbox 404 1475 585 1521; x_wconf 84' lang='lat' dir='ltr'>Sagrada</span> <span class='ocrx_word' id='word_1_146' title='bbox 612 1475 862 1511; x_wconf 83' lang='lat' dir='ltr'>continuada</span> <span class='ocrx_word' id='word_1_147' title='bbox 890 1485 961 1521; x_wconf 91' lang='lat' dir='ltr'>por</span> <span class='ocrx_word' id='word_1_148' title='bbox 1002 1475 1040 1510; x_wconf 89' lang='lat' dir='ltr'>la</span> <span class='ocrx_word' id='word_1_149' title='bbox 1079 1474 1177 1510; x_wconf 82' lang='lat' dir='ltr'>Real</span> <span class='ocrx_word' id='word_1_150' title='bbox 1215 1475 1435 1510; x_wconf 82' lang='lat' dir='ltr'>Academia</span> <span class='ocrx_word' id='word_1_151' title='bbox 1472 1474 1519 1510; x_wconf 90' lang='lat' dir='ltr'>de</span> <span class='ocrx_word' id='word_1_152' title='bbox 1563 1474 1601 1509; x_wconf 87' lang='lat' dir='ltr'>la</span> <span class='ocrx_word' id='word_1_153' title='bbox 1644 1473 1841 1509; x_wconf 86' lang='lat' dir='ltr'>Historia.</span> 
     </span>
     <span class='ocr_line' id='line_1_21' title="bbox 285 1532 1843 1580; baseline -0.002 -10"><span class='ocrx_word' id='word_1_154' title='bbox 285 1534 411 1570; x_wconf 87' lang='lat' dir='ltr'>Tomo</span> <span class='ocrx_word' id='word_1_155' title='bbox 439 1534 610 1570; x_wconf 81' lang='lat' dir='ltr'><strong>XLVIII.</strong></span> <span class='ocrx_word' id='word_1_156' title='bbox 638 1534 816 1570; x_wconf 85' lang='lat' dir='ltr'>Tratado</span> <span class='ocrx_word' id='word_1_157' title='bbox 844 1533 1052 1570; x_wconf 76' lang='lat' dir='ltr'>LXXXVI.</span> <span class='ocrx_word' id='word_1_158' title='bbox 1082 1534 1135 1569; x_wconf 85' lang='lat' dir='ltr'>La</span> <span class='ocrx_word' id='word_1_159' title='bbox 1164 1534 1288 1570; x_wconf 85' lang='lat' dir='ltr'>Santa</span> <span class='ocrx_word' id='word_1_160' title='bbox 1318 1534 1466 1580; x_wconf 87' lang='lat' dir='ltr'>Iglesia</span> <span class='ocrx_word' id='word_1_161' title='bbox 1484 1533 1531 1568; x_wconf 91' lang='lat' dir='ltr'>de</span> <span class='ocrx_word' id='word_1_162' title='bbox 1551 1532 1771 1568; x_wconf 88' lang='lat' dir='ltr'>Barbastro</span> <span class='ocrx_word' id='word_1_163' title='bbox 1794 1543 1843 1567; x_wconf 92' lang='lat' dir='ltr'>en</span> 
     </span>
     <span class='ocr_line' id='line_1_22' title="bbox 286 1591 1843 1639; baseline -0.003 -9"><span class='ocrx_word' id='word_1_164' title='bbox 286 1605 356 1630; x_wconf 88' lang='lat' dir='ltr'>sus</span> <span class='ocrx_word' id='word_1_165' title='bbox 383 1594 546 1630; x_wconf 85' lang='lat' dir='ltr'>estados</span> <span class='ocrx_word' id='word_1_166' title='bbox 573 1594 744 1639; x_wconf 84' lang='lat' dir='ltr'>antiguo</span> <span class='ocrx_word' id='word_1_167' title='bbox 772 1605 795 1639; x_wconf 79' lang='lat' dir='ltr'>y</span> <span class='ocrx_word' id='word_1_168' title='bbox 824 1593 1027 1629; x_wconf 86' lang='lat' dir='ltr'>moderno.</span> <span class='ocrx_word' id='word_1_169' title='bbox 1056 1593 1163 1629; x_wconf 85' lang='lat' dir='ltr'>Obra</span> <span class='ocrx_word' id='word_1_170' title='bbox 1190 1594 1377 1639; x_wconf 76' lang='lat' dir='ltr'>postuma</span> <span class='ocrx_word' id='word_1_171' title='bbox 1404 1592 1467 1628; x_wconf 89' lang='lat' dir='ltr'>del</span> <span class='ocrx_word' id='word_1_172' title='bbox 1488 1592 1637 1627; x_wconf 87' lang='lat' dir='ltr'>Doctor</span> <span class='ocrx_word' id='word_1_173' title='bbox 1656 1591 1700 1627; x_wconf 89' lang='lat' dir='ltr'>D.</span> <span class='ocrx_word' id='word_1_174' title='bbox 1716 1591 1843 1627; x_wconf 91' lang='lat' dir='ltr'>Pedro</span> 
     </span>
     <span class='ocr_line' id='line_1_23' title="bbox 286 1652 1040 1692; baseline -0.003 -3"><span class='ocrx_word' id='word_1_175' title='bbox 286 1653 407 1689; x_wconf 85' lang='lat' dir='ltr'>Sainz</span> <span class='ocrx_word' id='word_1_176' title='bbox 434 1653 482 1688; x_wconf 90' lang='lat' dir='ltr'>de</span> <span class='ocrx_word' id='word_1_177' title='bbox 511 1653 711 1689; x_wconf 87' lang='lat' dir='ltr'>Baranda.</span> <span class='ocrx_word' id='word_1_178' title='bbox 740 1652 907 1692; x_wconf 82' lang='lat' dir='ltr'>Madrid‚</span> <span class='ocrx_word' id='word_1_179' title='bbox 941 1652 1040 1688; x_wconf 63' lang='lat'>1862.</span> 
     </span>
    </p>

    <p class='ocr_par' dir='ltr' id='par_1_10' title="bbox 214 1711 1158 1757">
     <span class='ocr_line' id='line_1_24' title="bbox 214 1711 1158 1757; baseline -0.002 -9"><span class='ocrx_word' id='word_1_180' title='bbox 214 1712 407 1748; x_wconf 87' lang='lat' dir='ltr'>Estudios</span> <span class='ocrx_word' id='word_1_181' title='bbox 434 1712 730 1748; x_wconf 77' lang='lat' dir='ltr'>Eclesiastieos.</span> <span class='ocrx_word' id='word_1_182' title='bbox 760 1711 927 1754; x_wconf 69' lang='lat' dir='ltr'>Madrid,</span> <span class='ocrx_word' id='word_1_183' title='bbox 956 1711 1046 1746; x_wconf 60' lang='lat' dir='ltr'>1902ss</span> <span class='ocrx_word' id='word_1_184' title='bbox 1073 1722 1158 1757; x_wconf 91' lang='lat' dir='ltr'>sqq.</span> 
     </span>
    </p>
   </div>
   <div class='ocr_carea' id='block_1_3' title="bbox 214 1768 1844 1935">
    <p class='ocr_par' dir='ltr' id='par_1_11' title="bbox 214 1768 1844 1935">
     <span class='ocr_line' id='line_1_25' title="bbox 215 1768 1844 1813; baseline -0.003 -5"><span class='ocrx_word' id='word_1_185' title='bbox 215 1771 362 1813; x_wconf 77' lang='lat' dir='ltr'><strong>EUBEL‚</strong></span> <span class='ocrx_word' id='word_1_186' title='bbox 389 1771 611 1813; x_wconf 85' lang='lat' dir='ltr'>Conradus,</span> <span class='ocrx_word' id='word_1_187' title='bbox 639 1771 681 1807; x_wconf 92' lang='lat' dir='ltr'>O.</span> <span class='ocrx_word' id='word_1_188' title='bbox 709 1771 757 1806; x_wconf 91' lang='lat' dir='ltr'>M.</span> <span class='ocrx_word' id='word_1_189' title='bbox 785 1772 908 1807; x_wconf 83' lang='lat' dir='ltr'>Conv.</span> <span class='ocrx_word' id='word_1_190' title='bbox 948 1792 989 1796; x_wconf 98' lang='lat'><strong>—</strong></span> <span class='ocrx_word' id='word_1_191' title='bbox 1032 1770 1272 1806; x_wconf 84' lang='lat' dir='ltr'>Hierarehia</span> <span class='ocrx_word' id='word_1_192' title='bbox 1312 1770 1514 1805; x_wconf 81' lang='lat' dir='ltr'>catholiea</span> <span class='ocrx_word' id='word_1_193' title='bbox 1545 1769 1666 1805; x_wconf 78' lang='lat' dir='ltr'>medii</span> <span class='ocrx_word' id='word_1_194' title='bbox 1695 1769 1795 1804; x_wconf 82' lang='lat' dir='ltr'>aevi.</span> <span class='ocrx_word' id='word_1_195' title='bbox 1822 1768 1844 1803; x_wconf 85' lang='lat'><strong>3</strong></span> 
     </span>
     <span class='ocr_line' id='line_1_26' title="bbox 288 1830 883 1871; baseline 0 -6"><span class='ocrx_word' id='word_1_196' title='bbox 288 1831 361 1867; x_wconf 76' lang='lat' dir='ltr'>vol.</span> <span class='ocrx_word' id='word_1_197' title='bbox 390 1831 640 1871; x_wconf 81' lang='lat' dir='ltr'>Monasterii,</span> <span class='ocrx_word' id='word_1_198' title='bbox 671 1830 883 1866; x_wconf 84' lang='grc'><strong>1898-1910.</strong></span> 
     </span>
     <span class='ocr_line' id='line_1_27' title="bbox 214 1887 1844 1935; baseline -0.002 -9"><span class='ocrx_word' id='word_1_199' title='bbox 214 1889 456 1926; x_wconf 70' lang='grc' dir='ltr'>ΡΕΒΝᾹΝΒΕΖ</span> <span class='ocrx_word' id='word_1_200' title='bbox 485 1901 533 1925; x_wconf 83' lang='lat' dir='ltr'>DE</span> <span class='ocrx_word' id='word_1_201' title='bbox 562 1890 874 1929; x_wconf 64' lang='lat' dir='ltr'>BiiTHENcoURT,</span> <span class='ocrx_word' id='word_1_202' title='bbox 903 1889 1130 1925; x_wconf 77' lang='lat' dir='ltr'>Francisco.</span> <span class='ocrx_word' id='word_1_203' title='bbox 1160 1911 1203 1914; x_wconf 78' lang='lat'>—</span> <span class='ocrx_word' id='word_1_204' title='bbox 1232 1888 1414 1924; x_wconf 87' lang='lat' dir='ltr'>Historia</span> <span class='ocrx_word' id='word_1_205' title='bbox 1442 1888 1705 1935; x_wconf 71' lang='lat' dir='ltr'>geneaIOg-ica</span> <span class='ocrx_word' id='word_1_206' title='bbox 1732 1898 1754 1933; x_wconf 84' lang='lat' dir='ltr'>y</span> <span class='ocrx_word' id='word_1_207' title='bbox 1778 1887 1844 1922; x_wconf 93' lang='lat' dir='ltr'>he-</span> 
     </span>
    </p>
   </div>
   <div class='ocr_carea' id='block_1_4' title="bbox 285 1946 1842 2051">
    <p class='ocr_par' dir='ltr' id='par_1_12' title="bbox 285 1946 1842 2051">
     <span class='ocr_line' id='line_1_28' title="bbox 285 1946 1842 1995; baseline -0.003 -10"><span class='ocrx_word' id='word_1_208' title='bbox 285 1950 438 1985; x_wconf 74' lang='lat' dir='ltr'>raldiea</span> <span class='ocrx_word' id='word_1_209' title='bbox 463 1950 511 1985; x_wconf 90' lang='lat' dir='ltr'>de</span> <span class='ocrx_word' id='word_1_210' title='bbox 539 1950 578 1985; x_wconf 87' lang='lat' dir='ltr'>la</span> <span class='ocrx_word' id='word_1_211' title='bbox 604 1949 845 1995; x_wconf 88' lang='lat' dir='ltr'>Monarquia</span> <span class='ocrx_word' id='word_1_212' title='bbox 872 1949 1078 1995; x_wconf 69' lang='lat' dir='ltr'>espai‘iola,</span> <span class='ocrx_word' id='word_1_213' title='bbox 1106 1948 1207 1984; x_wconf 87' lang='lat' dir='ltr'>Casa</span> <span class='ocrx_word' id='word_1_214' title='bbox 1236 1948 1333 1983; x_wconf 77' lang='lat' dir='ltr'>Real</span> <span class='ocrx_word' id='word_1_215' title='bbox 1360 1959 1383 1993; x_wconf 74' lang='lat' dir='ltr'>y</span> <span class='ocrx_word' id='word_1_216' title='bbox 1404 1947 1585 1983; x_wconf 86' lang='lat' dir='ltr'>Grandes</span> <span class='ocrx_word' id='word_1_217' title='bbox 1603 1947 1651 1982; x_wconf 89' lang='lat' dir='ltr'>de</span> <span class='ocrx_word' id='word_1_218' title='bbox 1672 1946 1842 1992; x_wconf 80' lang='lat' dir='ltr'>Espafia.</span> 
     </span>
     <span class='ocr_line' id='line_1_29' title="bbox 288 2009 871 2051; baseline 0 -7"><span class='ocrx_word' id='word_1_219' title='bbox 288 2009 329 2044; x_wconf 94' lang='lat'>10</span> <span class='ocrx_word' id='word_1_220' title='bbox 356 2010 432 2045; x_wconf 91' lang='lat' dir='ltr'>vol.</span> <span class='ocrx_word' id='word_1_221' title='bbox 461 2009 628 2051; x_wconf 76' lang='lat' dir='ltr'>Madrid,</span> <span class='ocrx_word' id='word_1_222' title='bbox 658 2009 871 2045; x_wconf 63' lang='grc'><strong>1897-1920.</strong></span> 
     </span>
    </p>
   </div>
   <div class='ocr_carea' id='block_1_5' title="bbox 214 2065 1842 2233">
    <p class='ocr_par' dir='ltr' id='par_1_13' title="bbox 214 2065 1842 2233">
     <span class='ocr_line' id='line_1_30' title="bbox 214 2065 1839 2115; baseline -0.002 -11"><span class='ocrx_word' id='word_1_223' title='bbox 214 2068 394 2111; x_wconf 72' lang='lat' dir='ltr'>F1occn1,</span> <span class='ocrx_word' id='word_1_224' title='bbox 422 2068 642 2115; x_wconf 86' lang='lat' dir='ltr'>Ambrogio</span> <span class='ocrx_word' id='word_1_225' title='bbox 662 2068 723 2111; x_wconf 65' lang='lat' dir='ltr'>M„</span> <span class='ocrx_word' id='word_1_226' title='bbox 755 2068 792 2104; x_wconf 82' lang='lat' dir='ltr'>S.</span> <span class='ocrx_word' id='word_1_227' title='bbox 814 2068 839 2104; x_wconf 89' lang='lat'>1.</span> <span class='ocrx_word' id='word_1_228' title='bbox 867 2090 911 2093; x_wconf 87' lang='lat'><strong>—</strong></span> <span class='ocrx_word' id='word_1_229' title='bbox 936 2068 972 2103; x_wconf 77' lang='lat' dir='ltr'>S.</span> <span class='ocrx_word' id='word_1_230' title='bbox 1000 2067 1177 2103; x_wconf 85' lang='lat' dir='ltr'>Roberto</span> <span class='ocrx_word' id='word_1_231' title='bbox 1198 2067 1445 2102; x_wconf 84' lang='lat' dir='ltr'>Bellarmino</span> <span class='ocrx_word' id='word_1_232' title='bbox 1468 2066 1575 2101; x_wconf 84' lang='lat' dir='ltr'>della</span> <span class='ocrx_word' id='word_1_233' title='bbox 1594 2065 1839 2111; x_wconf 85' lang='lat' dir='ltr'>Compagnia</span> 
     </span>
     <span class='ocr_line' id='line_1_31' title="bbox 284 2124 1708 2163; baseline -0.003 0"><span class='ocrx_word' id='word_1_234' title='bbox 284 2128 323 2163; x_wconf 89' lang='lat' dir='ltr'>di</span> <span class='ocrx_word' id='word_1_235' title='bbox 353 2128 459 2163; x_wconf 79' lang='lat' dir='ltr'>Gesu</span> <span class='ocrx_word' id='word_1_236' title='bbox 487 2127 701 2163; x_wconf 86' lang='lat' dir='ltr'>Cardinale</span> <span class='ocrx_word' id='word_1_237' title='bbox 728 2128 766 2163; x_wconf 90' lang='lat' dir='ltr'>di</span> <span class='ocrx_word' id='word_1_238' title='bbox 797 2127 833 2163; x_wconf 75' lang='lat' dir='ltr'>S.</span> <span class='ocrx_word' id='word_1_239' title='bbox 864 2127 1046 2163; x_wconf 79' lang='lat' dir='ltr'>Romana</span> <span class='ocrx_word' id='word_1_240' title='bbox 1074 2126 1232 2162; x_wconf 83' lang='lat' dir='ltr'>Chiesa.</span> <span class='ocrx_word' id='word_1_241' title='bbox 1261 2125 1367 2161; x_wconf 85' lang='lat' dir='ltr'>lsola</span> <span class='ocrx_word' id='word_1_242' title='bbox 1394 2125 1457 2160; x_wconf 89' lang='lat' dir='ltr'>del</span> <span class='ocrx_word' id='word_1_243' title='bbox 1485 2124 1578 2163; x_wconf 82' lang='lat' dir='ltr'>Liri.</span> <span class='ocrx_word' id='word_1_244' title='bbox 1608 2124 1708 2160; x_wconf 83' lang='grc'><strong>1930.</strong></span> 
     </span>
     <span class='ocr_line' id='line_1_32' title="bbox 214 2183 1842 2233; baseline -0.003 -10"><span class='ocrx_word' id='word_1_245' title='bbox 214 2187 359 2229; x_wconf 76' lang='lat' dir='ltr'>FOLEY,</span> <span class='ocrx_word' id='word_1_246' title='bbox 389 2187 540 2233; x_wconf 78' lang='lat' dir='ltr'>Henry,</span> <span class='ocrx_word' id='word_1_247' title='bbox 568 2187 604 2222; x_wconf 77' lang='lat' dir='ltr'>S.</span> <span class='ocrx_word' id='word_1_248' title='bbox 634 2186 660 2222; x_wconf 93' lang='grc' dir='ltr'><strong>Ι.</strong></span> <span class='ocrx_word' id='word_1_249' title='bbox 692 2209 733 2212; x_wconf 82' lang='grc'>-</span> <span class='ocrx_word' id='word_1_250' title='bbox 759 2186 936 2222; x_wconf 81' lang='lat' dir='ltr'>Reoords</span> <span class='ocrx_word' id='word_1_251' title='bbox 964 2186 1008 2221; x_wconf 85' lang='lat' dir='ltr'>of</span> <span class='ocrx_word' id='word_1_252' title='bbox 1031 2186 1097 2221; x_wconf 91' lang='lat' dir='ltr'>the</span> <span class='ocrx_word' id='word_1_253' title='bbox 1125 2185 1293 2231; x_wconf 77' lang='lat' dir='ltr'>English</span> <span class='ocrx_word' id='word_1_254' title='bbox 1318 2184 1508 2219; x_wconf 79' lang='lat' dir='ltr'>Provinee</span> <span class='ocrx_word' id='word_1_255' title='bbox 1535 2184 1578 2219; x_wconf 89' lang='lat' dir='ltr'>of</span> <span class='ocrx_word' id='word_1_256' title='bbox 1593 2185 1660 2219; x_wconf 86' lang='lat' dir='ltr'>the</span> <span class='ocrx_word' id='word_1_257' title='bbox 1680 2183 1842 2229; x_wconf 84' lang='lat' dir='ltr'>Soeiety</span> 
     </span>
    </p>
   </div>
   <div class='ocr_carea' id='block_1_6' title="bbox 283 2242 1842 2406">
    <p class='ocr_par' dir='ltr' id='par_1_14' title="bbox 283 2242 1842 2406">
     <span class='ocr_line' id='line_1_33' title="bbox 283 2242 1842 2288; baseline -0.003 -6"><span class='ocrx_word' id='word_1_258' title='bbox 283 2246 328 2282; x_wconf 87' lang='lat' dir='ltr'>of</span> <span class='ocrx_word' id='word_1_259' title='bbox 348 2246 477 2282; x_wconf 84' lang='lat' dir='ltr'>Jesus.</span> <span class='ocrx_word' id='word_1_260' title='bbox 507 2246 685 2282; x_wconf 80' lang='lat' dir='ltr'>Historie</span> <span class='ocrx_word' id='word_1_261' title='bbox 714 2246 832 2281; x_wconf 72' lang='lat' dir='ltr'>Facis</span> <span class='ocrx_word' id='word_1_262' title='bbox 860 2245 1107 2281; x_wconf 72' lang='lat' dir='ltr'>illustratixe</span> <span class='ocrx_word' id='word_1_263' title='bbox 1135 2245 1179 2280; x_wconf 83' lang='lat' dir='ltr'>ot&#39;</span> <span class='ocrx_word' id='word_1_264' title='bbox 1202 2244 1269 2279; x_wconf 87' lang='lat' dir='ltr'>the</span> <span class='ocrx_word' id='word_1_265' title='bbox 1304 2243 1468 2279; x_wconf 83' lang='lat' dir='ltr'>labours</span> <span class='ocrx_word' id='word_1_266' title='bbox 1508 2243 1589 2278; x_wconf 88' lang='lat' dir='ltr'>and</span> <span class='ocrx_word' id='word_1_267' title='bbox 1626 2242 1842 2288; x_wconf 83' lang='lat' dir='ltr'>sufferings</span> 
     </span>
     <span class='ocr_line' id='line_1_34' title="bbox 284 2301 1841 2341; baseline -0.003 0"><span class='ocrx_word' id='word_1_268' title='bbox 284 2306 329 2341; x_wconf 87' lang='lat' dir='ltr'>of</span> <span class='ocrx_word' id='word_1_269' title='bbox 351 2306 404 2341; x_wconf 88' lang='lat' dir='ltr'>its</span> <span class='ocrx_word' id='word_1_270' title='bbox 430 2305 627 2341; x_wconf 77' lang='lat' dir='ltr'>Meinbers</span> <span class='ocrx_word' id='word_1_271' title='bbox 656 2306 695 2340; x_wconf 88' lang='lat' dir='ltr'>in</span> <span class='ocrx_word' id='word_1_272' title='bbox 725 2305 792 2341; x_wconf 86' lang='lat' dir='ltr'>the</span> <span class='ocrx_word' id='word_1_273' title='bbox 821 2305 1034 2341; x_wconf 75' lang='lat' dir='ltr'>Sixteenth</span> <span class='ocrx_word' id='word_1_274' title='bbox 1062 2304 1141 2339; x_wconf 83' lang='lat' dir='ltr'>and</span> <span class='ocrx_word' id='word_1_275' title='bbox 1170 2303 1443 2339; x_wconf 81' lang='lat' dir='ltr'>Seventeenth</span> <span class='ocrx_word' id='word_1_276' title='bbox 1471 2302 1694 2338; x_wconf 88' lang='lat' dir='ltr'>Centuries.</span> <span class='ocrx_word' id='word_1_277' title='bbox 1722 2302 1740 2337; x_wconf 72' lang='grc' dir='ltr'><em>ἶ</em></span> <span class='ocrx_word' id='word_1_278' title='bbox 1765 2301 1841 2337; x_wconf 86' lang='lat' dir='ltr'>vol.</span> 
     </span>
     <span class='ocr_line' id='line_1_35' title="bbox 284 2364 706 2406; baseline 0 -6"><span class='ocrx_word' id='word_1_279' title='bbox 284 2365 466 2406; x_wconf 79' lang='lat' dir='ltr'>London,</span> <span class='ocrx_word' id='word_1_280' title='bbox 496 2364 706 2400; x_wconf 68' lang='lat'>1877-1884.</span> 
     </span>
    </p>
   </div>
   <div class='ocr_carea' id='block_1_7' title="bbox 213 2420 1843 2587">
    <p class='ocr_par' dir='ltr' id='par_1_15' title="bbox 213 2420 1843 2587">
     <span class='ocr_line' id='line_1_36' title="bbox 213 2420 1841 2467; baseline -0.003 -7"><span class='ocrx_word' id='word_1_281' title='bbox 213 2423 648 2467; x_wconf 74' lang='lat' dir='ltr'>FOUQUERAY,Hen1-i‚</span> <span class='ocrx_word' id='word_1_282' title='bbox 676 2424 712 2459; x_wconf 77' lang='lat' dir='ltr'>S.</span> <span class='ocrx_word' id='word_1_283' title='bbox 744 2423 769 2459; x_wconf 90' lang='grc' dir='ltr'><strong>Ι.</strong></span> <span class='ocrx_word' id='word_1_284' title='bbox 798 2445 840 2448; x_wconf 23' lang='grc' dir='ltr'>ᾖ</span> <span class='ocrx_word' id='word_1_285' title='bbox 882 2424 1062 2459; x_wconf 86' lang='lat' dir='ltr'>Histoire</span> <span class='ocrx_word' id='word_1_286' title='bbox 1102 2423 1149 2457; x_wconf 89' lang='lat' dir='ltr'>de</span> <span class='ocrx_word' id='word_1_287' title='bbox 1189 2422 1227 2457; x_wconf 87' lang='lat' dir='ltr'>la</span> <span class='ocrx_word' id='word_1_288' title='bbox 1266 2421 1512 2467; x_wconf 78' lang='lat' dir='ltr'>Compagnie</span> <span class='ocrx_word' id='word_1_289' title='bbox 1551 2420 1598 2456; x_wconf 88' lang='lat' dir='ltr'>de</span> <span class='ocrx_word' id='word_1_290' title='bbox 1636 2421 1753 2456; x_wconf 64' lang='lat' dir='ltr'>jesus</span> <span class='ocrx_word' id='word_1_291' title='bbox 1792 2431 1841 2455; x_wconf 91' lang='lat' dir='ltr'>en</span> 
     </span>
     <span class='ocr_line' id='line_1_37' title="bbox 284 2479 1708 2529; baseline -0.003 -10"><span class='ocrx_word' id='word_1_292' title='bbox 284 2483 436 2519; x_wconf 85' lang='lat' dir='ltr'>Franee</span> <span class='ocrx_word' id='word_1_293' title='bbox 463 2484 533 2519; x_wconf 90' lang='lat' dir='ltr'>des</span> <span class='ocrx_word' id='word_1_294' title='bbox 560 2484 741 2529; x_wconf 87' lang='lat' dir='ltr'>origines</span> <span class='ocrx_word' id='word_1_295' title='bbox 769 2483 792 2518; x_wconf 79' lang='lat' dir='ltr'>a</span> <span class='ocrx_word' id='word_1_296' title='bbox 820 2483 857 2518; x_wconf 86' lang='lat' dir='ltr'>la</span> <span class='ocrx_word' id='word_1_297' title='bbox 885 2482 1160 2528; x_wconf 73' lang='lat' dir='ltr'>suppressiffli.</span> <span class='ocrx_word' id='word_1_298' title='bbox 1189 2482 1210 2517; x_wconf 78' lang='lat'>5</span> <span class='ocrx_word' id='word_1_299' title='bbox 1237 2481 1314 2516; x_wconf 79' lang='lat' dir='ltr'>vol.</span> <span class='ocrx_word' id='word_1_300' title='bbox 1345 2480 1468 2521; x_wconf 86' lang='lat' dir='ltr'>Paris,</span> <span class='ocrx_word' id='word_1_301' title='bbox 1498 2479 1708 2515; x_wconf 60' lang='lat'>1910-1995.</span> 
     </span>
     <span class='ocr_line' id='line_1_38' title="bbox 214 2538 1843 2587; baseline -0.003 -8"><span class='ocrx_word' id='word_1_302' title='bbox 214 2542 390 2584; x_wconf 65' lang='lat' dir='ltr'>FRANCQ</span> <span class='ocrx_word' id='word_1_303' title='bbox 417 2543 612 2584; x_wconf 79' lang='lat' dir='ltr'>Antonio,</span> <span class='ocrx_word' id='word_1_304' title='bbox 640 2542 676 2578; x_wconf 78' lang='lat' dir='ltr'>S.</span> <span class='ocrx_word' id='word_1_305' title='bbox 707 2542 733 2577; x_wconf 96' lang='grc'>1.</span> <span class='ocrx_word' id='word_1_306' title='bbox 762 2564 805 2567; x_wconf 66' lang='lat'>—</span> <span class='ocrx_word' id='word_1_307' title='bbox 833 2542 1009 2587; x_wconf 73' lang='lat' dir='ltr'>[magen]</span> <span class='ocrx_word' id='word_1_308' title='bbox 1037 2541 1088 2576; x_wconf 89' lang='lat' dir='ltr'>da</span> <span class='ocrx_word' id='word_1_309' title='bbox 1116 2540 1274 2576; x_wconf 81' lang='lat' dir='ltr'>virtude</span> <span class='ocrx_word' id='word_1_310' title='bbox 1302 2551 1360 2575; x_wconf 81' lang='lat' dir='ltr'>em</span> <span class='ocrx_word' id='word_1_311' title='bbox 1384 2551 1406 2574; x_wconf 95' lang='lat' dir='ltr'>o</span> <span class='ocrx_word' id='word_1_312' title='bbox 1427 2539 1640 2574; x_wconf 77' lang='lat' dir='ltr'>noviciado</span> <span class='ocrx_word' id='word_1_313' title='bbox 1659 2539 1710 2574; x_wconf 89' lang='lat' dir='ltr'>da.</span> <span class='ocrx_word' id='word_1_314' title='bbox 1729 2538 1843 2574; x_wconf 88' lang='lat' dir='ltr'>Com-</span> 
     </span>
    </p>
   </div>
   <div class='ocr_carea' id='block_1_8' title="bbox 214 2597 1843 3119">
    <p class='ocr_par' dir='ltr' id='par_1_16' title="bbox 285 2597 1842 2706">
     <span class='ocr_line' id='line_1_39' title="bbox 285 2597 1842 2648; baseline -0.003 -11"><span class='ocrx_word' id='word_1_315' title='bbox 285 2602 437 2648; x_wconf 90' lang='lat' dir='ltr'>panhia</span> <span class='ocrx_word' id='word_1_316' title='bbox 463 2602 511 2637; x_wconf 84' lang='lat' dir='ltr'>de</span> <span class='ocrx_word' id='word_1_317' title='bbox 538 2601 655 2637; x_wconf 81' lang='lat' dir='ltr'>Jesus</span> <span class='ocrx_word' id='word_1_318' title='bbox 682 2601 732 2637; x_wconf 89' lang='lat' dir='ltr'>do</span> <span class='ocrx_word' id='word_1_319' title='bbox 762 2601 845 2636; x_wconf 91' lang='lat' dir='ltr'>real</span> <span class='ocrx_word' id='word_1_320' title='bbox 877 2601 1048 2646; x_wconf 86' lang='lat' dir='ltr'>collegio</span> <span class='ocrx_word' id='word_1_321' title='bbox 1088 2600 1139 2635; x_wconf 87' lang='lat' dir='ltr'>do</span> <span class='ocrx_word' id='word_1_322' title='bbox 1179 2599 1356 2645; x_wconf 88' lang='lat' dir='ltr'>Espirito</span> <span class='ocrx_word' id='word_1_323' title='bbox 1403 2598 1529 2633; x_wconf 81' lang='lat' dir='ltr'>Santo</span> <span class='ocrx_word' id='word_1_324' title='bbox 1556 2598 1604 2632; x_wconf 84' lang='lat' dir='ltr'>de</span> <span class='ocrx_word' id='word_1_325' title='bbox 1632 2597 1763 2632; x_wconf 79' lang='lat' dir='ltr'>Evora</span> <span class='ocrx_word' id='word_1_326' title='bbox 1791 2597 1842 2632; x_wconf 91' lang='lat' dir='ltr'>do</span> 
     </span>
     <span class='ocr_line' id='line_1_40' title="bbox 285 2657 1204 2706; baseline -0.004 -11"><span class='ocrx_word' id='word_1_327' title='bbox 285 2659 426 2706; x_wconf 89' lang='lat' dir='ltr'>Reyno</span> <span class='ocrx_word' id='word_1_328' title='bbox 453 2660 501 2695; x_wconf 89' lang='lat' dir='ltr'>de</span> <span class='ocrx_word' id='word_1_329' title='bbox 529 2659 734 2705; x_wconf 83' lang='lat' dir='ltr'>Portugal.</span> <span class='ocrx_word' id='word_1_330' title='bbox 763 2658 921 2701; x_wconf 81' lang='lat' dir='ltr'>Lisboa,</span> <span class='ocrx_word' id='word_1_331' title='bbox 948 2657 1204 2693; x_wconf 76' lang='lat' dir='ltr'>MDCCXIV.</span> 
     </span>
    </p>

    <p class='ocr_par' dir='ltr' id='par_1_17' title="bbox 215 2714 1843 2874">
     <span class='ocr_line' id='line_1_41' title="bbox 215 2714 1843 2765; baseline -0.004 -10"><span class='ocrx_word' id='word_1_332' title='bbox 215 2740 253 2744; x_wconf 97' lang='lat'><strong>—</strong></span> <span class='ocrx_word' id='word_1_333' title='bbox 285 2719 484 2765; x_wconf 80' lang='lat' dir='ltr'>Synopsis</span> <span class='ocrx_word' id='word_1_334' title='bbox 512 2719 734 2754; x_wconf 75' lang='lat' dir='ltr'>Annalium</span> <span class='ocrx_word' id='word_1_335' title='bbox 775 2718 992 2754; x_wconf 82' lang='lat' dir='ltr'>Societatis</span> <span class='ocrx_word' id='word_1_336' title='bbox 1029 2717 1124 2752; x_wconf 75' lang='lat' dir='ltr'>Jesu</span> <span class='ocrx_word' id='word_1_337' title='bbox 1167 2717 1207 2751; x_wconf 89' lang='lat' dir='ltr'>in</span> <span class='ocrx_word' id='word_1_338' title='bbox 1252 2715 1466 2751; x_wconf 85' lang='lat' dir='ltr'>Lusitania</span> <span class='ocrx_word' id='word_1_339' title='bbox 1507 2714 1557 2749; x_wconf 83' lang='lat' dir='ltr'>ab</span> <span class='ocrx_word' id='word_1_340' title='bbox 1600 2724 1708 2750; x_wconf 90' lang='lat' dir='ltr'>anno</span> <span class='ocrx_word' id='word_1_341' title='bbox 1752 2714 1843 2750; x_wconf 74' lang='lat'>1540</span> 
     </span>
     <span class='ocr_line' id='line_1_42' title="bbox 285 2773 1842 2824; baseline -0.004 -10"><span class='ocrx_word' id='word_1_342' title='bbox 285 2789 412 2824; x_wconf 85' lang='lat' dir='ltr'>usque</span> <span class='ocrx_word' id='word_1_343' title='bbox 440 2778 490 2814; x_wconf 84' lang='lat' dir='ltr'>ad</span> <span class='ocrx_word' id='word_1_344' title='bbox 517 2778 682 2813; x_wconf 78' lang='lat' dir='ltr'>Annum</span> <span class='ocrx_word' id='word_1_345' title='bbox 724 2777 823 2813; x_wconf 66' lang='lat'>1725.</span> <span class='ocrx_word' id='word_1_346' title='bbox 864 2777 1072 2823; x_wconf 79' lang='lat' dir='ltr'>Augustae</span> <span class='ocrx_word' id='word_1_347' title='bbox 1102 2774 1402 2810; x_wconf 70' lang='lat' dir='ltr'>Vindelicorum</span> <span class='ocrx_word' id='word_1_348' title='bbox 1444 2777 1484 2809; x_wconf 85' lang='lat' dir='ltr'>et</span> <span class='ocrx_word' id='word_1_349' title='bbox 1515 2773 1682 2809; x_wconf 86' lang='lat' dir='ltr'>Graeeii.</span> <span class='ocrx_word' id='word_1_350' title='bbox 1723 2773 1842 2809; x_wconf 85' lang='lat' dir='ltr'>Anno</span> 
     </span>
     <span class='ocr_line' id='line_1_43' title="bbox 284 2838 578 2874; baseline -0.003 0"><span class='ocrx_word' id='word_1_351' title='bbox 284 2838 578 2874; x_wconf 76' lang='lat' dir='ltr'>MDCCXXVI.</span> 
     </span>
    </p>

    <p class='ocr_par' dir='ltr' id='par_1_18' title="bbox 214 2891 1843 3058">
     <span class='ocr_line' id='line_1_44' title="bbox 214 2891 1843 2940; baseline -0.005 -6"><span class='ocrx_word' id='word_1_352' title='bbox 214 2897 343 2939; x_wconf 81' lang='lat' dir='ltr'>GAMS,</span> <span class='ocrx_word' id='word_1_353' title='bbox 371 2897 467 2933; x_wconf 89' lang='lat' dir='ltr'>Pius</span> <span class='ocrx_word' id='word_1_354' title='bbox 494 2897 745 2937; x_wconf 76' lang='lat' dir='ltr'>Bonifacius,</span> <span class='ocrx_word' id='word_1_355' title='bbox 773 2896 816 2932; x_wconf 93' lang='grc' dir='ltr'><strong>Ο.</strong></span> <span class='ocrx_word' id='word_1_356' title='bbox 844 2897 881 2932; x_wconf 79' lang='lat' dir='ltr'>S.</span> <span class='ocrx_word' id='word_1_357' title='bbox 911 2896 954 2931; x_wconf 87' lang='lat' dir='ltr'>B.</span> <span class='ocrx_word' id='word_1_358' title='bbox 985 2917 1021 2920; x_wconf 89' lang='lat'>—</span> <span class='ocrx_word' id='word_1_359' title='bbox 1059 2895 1190 2930; x_wconf 77' lang='lat' dir='ltr'>Series</span> <span class='ocrx_word' id='word_1_360' title='bbox 1229 2894 1509 2940; x_wconf 84' lang='lat' dir='ltr'>episcoporum</span> <span class='ocrx_word' id='word_1_361' title='bbox 1549 2891 1742 2927; x_wconf 80' lang='lat' dir='ltr'>eeclesiae</span> <span class='ocrx_word' id='word_1_362' title='bbox 1780 2902 1843 2927; x_wconf 84' lang='lat' dir='ltr'>ca—</span> 
     </span>
     <span class='ocr_line' id='line_1_45' title="bbox 284 2950 1843 3002; baseline -0.005 -9"><span class='ocrx_word' id='word_1_363' title='bbox 284 2957 472 2995; x_wconf 80' lang='lat' dir='ltr'>tholicae,</span> <span class='ocrx_word' id='word_1_364' title='bbox 500 2959 702 3002; x_wconf 80' lang='lat' dir='ltr'>quotquot</span> <span class='ocrx_word' id='word_1_365' title='bbox 730 2956 1010 2997; x_wconf 85' lang='lat' dir='ltr'>innotuerunt,</span> <span class='ocrx_word' id='word_1_366' title='bbox 1038 2965 1061 2989; x_wconf 87' lang='lat' dir='ltr'>a</span> <span class='ocrx_word' id='word_1_367' title='bbox 1088 2954 1213 2989; x_wconf 85' lang='lat' dir='ltr'>Beato</span> <span class='ocrx_word' id='word_1_368' title='bbox 1245 2952 1363 2988; x_wconf 86' lang='lat' dir='ltr'>Petro</span> <span class='ocrx_word' id='word_1_369' title='bbox 1402 2950 1614 2998; x_wconf 73' lang='lat' dir='ltr'>Apostolo.</span> <span class='ocrx_word' id='word_1_370' title='bbox 1657 2950 1843 2986; x_wconf 85' lang='lat' dir='ltr'>Ratisbo-</span> 
     </span>
     <span class='ocr_line' id='line_1_46' title="bbox 285 3016 502 3058; baseline -0.005 -6"><span class='ocrx_word' id='word_1_371' title='bbox 285 3027 372 3058; x_wconf 82' lang='lat' dir='ltr'>nae,</span> <span class='ocrx_word' id='word_1_372' title='bbox 401 3016 502 3052; x_wconf 84' lang='lat'>1873.</span> 
     </span>
    </p>

    <p class='ocr_par' dir='ltr' id='par_1_19' title="bbox 214 3068 1842 3119">
     <span class='ocr_line' id='line_1_47' title="bbox 214 3068 1842 3119; baseline -0.004 -8"><span class='ocrx_word' id='word_1_373' title='bbox 214 3075 355 3111; x_wconf 65' lang='lat' dir='ltr'>Gomssz</span> <span class='ocrx_word' id='word_1_374' title='bbox 382 3075 541 3115; x_wconf 64' lang='lat' dir='ltr'>Bmvo,</span> <span class='ocrx_word' id='word_1_375' title='bbox 568 3074 685 3110; x_wconf 85' lang='lat' dir='ltr'>Juan.</span> <span class='ocrx_word' id='word_1_376' title='bbox 712 3096 756 3099; x_wconf 95' lang='lat'><strong>—</strong></span> <span class='ocrx_word' id='word_1_377' title='bbox 784 3074 979 3119; x_wconf 73' lang='lat' dir='ltr'>Catalogo</span> <span class='ocrx_word' id='word_1_378' title='bbox 1006 3073 1053 3108; x_wconf 89' lang='lat' dir='ltr'>de</span> <span class='ocrx_word' id='word_1_379' title='bbox 1082 3073 1141 3107; x_wconf 92' lang='lat' dir='ltr'>los</span> <span class='ocrx_word' id='word_1_380' title='bbox 1168 3071 1332 3116; x_wconf 86' lang='lat' dir='ltr'>obispos</span> <span class='ocrx_word' id='word_1_381' title='bbox 1359 3070 1406 3105; x_wconf 91' lang='lat' dir='ltr'>de</span> <span class='ocrx_word' id='word_1_382' title='bbox 1434 3069 1629 3109; x_wconf 82' lang='lat' dir='ltr'>Cordoha,</span> <span class='ocrx_word' id='word_1_383' title='bbox 1663 3080 1686 3115; x_wconf 79' lang='lat' dir='ltr'><strong>y</strong></span> <span class='ocrx_word' id='word_1_384' title='bbox 1722 3068 1842 3105; x_wconf 88' lang='lat' dir='ltr'>breve</span> 
     </span>
    </p>
   </div>
  </div>
 </body>
</html>
