2099 3516
431 268 501 303 666
901 267 1104 303 Ll'r'rERAE
1142 267 1486 312 QUAnnmmsa-nsss

384 385 615 425 Societatis
646 385 961 436 professionem
993 388 1021 432 1,
1054 385 1252 435 patronis
1272 385 1442 436 aliquot
1462 386 1642 433 nostris,
1665 389 1770 426 tunc
1791 389 2000 439 temporis

384 462 545 501 magna
586 462 685 490 cum
728 450 965 490 deuotione
1007 449 1326 499 praesentibus.
1358 450 1583 490 Hactenus
1625 451 1678 490 de
1706 452 1880 504 collegi]
1911 465 2000 493 mo-

382 516 636 555 nachiensis
665 518 796 555 statu.

460 580 498 619 22.
531 579 747 620 Classium
782 581 1033 618 nostrarum
1063 579 1297 629 dispositio
1327 579 1524 619 foelicem
1556 580 1688 620 habet
1725 593 1994 622 successum.

383 643 755 684 Scholasticorum
782 655 994 683 numerus
1024 643 1163 682 creuit
1182 643 1237 683 ad
1257 644 1349 691 300,
1373 644 1474 694 plus
1494 644 1665 693 minus3
1699 648 1999 697 praeceptores

381 710 479 748 octo
508 709 705 758 quotidie
735 708 781 747 in
802 708 1044 747 erudienda
1064 707 1295 747 iuuentute
1315 711 1602 759 occupantur,
1625 712 1666 748 et
1685 710 1793 749 dant
1821 722 1999 761 operam

382 773 594 823 impense.
627 775 674 812 ut
704 785 792 811 non
835 775 925 812 tam
955 772 1125 822 prosint
1154 772 1335 820 scholis,
1366 785 1497 824 quam
1529 774 1659 813 ualde
1705 774 1876 825 prosint
1904 775 1999 815 lite-

382 849 529 876 rarum
559 837 785 877 studiosis.
819 837 952 876 Fama
972 837 1223 876 scholarum
1244 837 1381 877 huius
1399 838 1573 889 collegij
1596 840 1732 878 totam
1761 841 2000 891 peruagata

381 903 447 940 est
476 902 726 948 Bauariam,
758 901 934 952 aliaque
964 901 1059 940 loca
1090 901 1251 949 vicina,
1283 904 1325 941 et
1354 904 1540 953 augetur
1570 903 1616 942 in
1645 903 1739 943 dies
1769 903 1844 951 ita,
1871 906 1917 943 ut
1947 916 1999 943 ex

381 965 483 1016 alijS
512 966 772 1006 Germaniae
802 965 1003 1016 partibus
1046 966 1147 1013 huc,
1180 966 1330 1006 allatis
1371 978 1518 1007 secum
1550 967 1691 1007 literis
1720 969 1998 1008 commenda-

382 1030 521 1081 tutijs,
552 1042 643 1070 non
673 1030 801 1081 pauci
831 1030 1057 1070 confluant
1085 1031 1141 1070 ad
1170 1031 1434 1082 capiendum
1464 1032 1603 1071 animi
1632 1033 1798 1072 cultum
1830 1033 1999 1073 literas-

380 1106 465 1144 que
494 1095 739 1134 discendas.
769 1095 1011 1134 Proficiunt
1031 1107 1152 1143 sane,
1175 1096 1265 1135 Deo
1286 1096 1399 1144 laus,
1422 1097 1676 1136 scholastici
1706 1097 1845 1137 nostri
1865 1110 1998 1149 quam

380 1159 635 1209 plurimum,
658 1172 747 1199 non
777 1160 922 1199 solum
944 1160 990 1199 in
1011 1160 1209 1211 scientijs
1229 1161 1525 1211 acquirendis,
1548 1162 1624 1201 sed
1644 1162 1776 1201 etiam
1797 1162 1844 1201 in
1866 1162 1998 1202 mori-

380 1225 463 1263 bus
484 1223 750 1271 imbuendis,
772 1227 818 1264 ut
839 1236 1150 1276 germanorum
1171 1225 1376 1275 pietatem
1407 1226 1529 1265 illam
1560 1226 1725 1266 auitam
1756 1226 1997 1278 aliquando

381 1291 651 1339 recuperent.
684 1288 960 1329 Confitentur
990 1301 1109 1329 more
1152 1289 1384 1330 Societatis
1421 1302 1551 1341 saepe
1580 1293 1621 1330 et
1650 1291 1853 1339 libenter,
1884 1303 1998 1331 com-

379 1353 605 1392 munionis
634 1365 784 1393 sacrae
814 1354 1005 1393 fructum
1048 1355 1299 1406 frequenter
1341 1355 1604 1406 percipiunt,
1636 1355 1835 1405 quotidie
1872 1368 1997 1396 sacro

378 1418 617 1465 ordinario,
650 1418 864 1458 adhibitis
908 1419 1073 1458 libellis
1116 1420 1387 1470 precatorijs,
1419 1422 1461 1459 et
1504 1420 1700 1472 rosarijs,
1732 1422 1781 1460 ut
1818 1423 1994 1468 uocant,

378 1482 621 1530 intersunt;
653 1495 733 1522 nec
763 1495 853 1523 non
874 1484 917 1523 id
949 1496 1089 1535 genus
1112 1484 1198 1535 pijs
1218 1485 1427 1535 operibus
1447 1485 1550 1536 alijs
1574 1485 1795 1525 iuueniles
1823 1485 1996 1525 animos

377 1550 614 1597 occupatos
642 1550 806 1588 tenent.
840 1549 982 1588 Tanto
1011 1561 1160 1588 amore
1180 1549 1433 1589 afficiuntur
1461 1561 1563 1601 erga
1593 1550 1797 1590 diuinum
1826 1551 1995 1590 cultum

377 1614 419 1651 et
448 1612 520 1663 pia
549 1613 711 1660 studia,
735 1625 848 1663 quae
878 1614 1067 1653 subinde
1090 1617 1392 1665 praeceptores
1413 1615 1459 1653 in
1479 1614 1645 1654 scholis
1665 1614 1729 1654 eis
1753 1615 1993 1664 inculcant,

378 1680 426 1716 ut
454 1689 757 1728 quaecumque
777 1690 830 1717 ex
859 1690 933 1718 ore
955 1678 1154 1729 magistri
1176 1679 1379 1726 audiunt,
1402 1679 1536 1727 domi,
1559 1679 1614 1718 ad
1636 1680 1820 1719 uerbum
1849 1680 1992 1730 quasi,

378 1742 650 1791 parentibus,
683 1742 909 1790 fratribus,
942 1743 1170 1782 sororibus
1203 1743 1368 1793 totique
1402 1744 1596 1783 familiae
1639 1744 1842 1792 referant,
1873 1756 1995 1784 suos·

376 1819 461 1857 que
492 1810 694 1857 parentes
736 1808 997 1847 extimulent
1039 1808 1116 1859 filij
1163 1809 1216 1847 ad
1262 1808 1580 1859 frequentanda
1624 1808 1920 1859 poenitentiae
1953 1811 1995 1849 et

375 1872 667 1911 eucharistiae
697 1874 984 1913 sacramenta.
1016 1872 1128 1912 Sunt
1162 1873 1276 1912 inter
1317 1885 1391 1912 eos
1422 1873 1498 1924 qui
1532 1873 1681 1913 nescio
1711 1873 1816 1924 quid
1846 1874 1994 1924 potius

377 1938 543 1975 tentare
574 1937 754 1984 uellent,
786 1949 918 1988 quam
950 1937 1068 1976 domi
1099 1949 1253 1977 carnes
1283 1938 1439 1977 diebus
1473 1938 1710 1988 prohibitis
1751 1939 1992 1985 comedere,

376 2002 680 2052 quamtumuis
703 2002 817 2041 male
847 2003 1001 2041 audire
1023 2004 1065 2041 et
1094 2002 1184 2052 pati
1211 2005 1439 2053 cogantur.
1465 2002 1747 2043 Contendunt
1767 2003 1881 2042 inter
1901 2015 1995 2042 sese

376 2077 605 2115 supremae
635 2068 676 2105 et
706 2067 883 2105 infimae
926 2066 1058 2105 sortis
1102 2066 1241 2117 pueri,
1274 2067 1349 2117 qui
1393 2068 1608 2107 sacerdoti
1651 2067 1917 2107 sacrificanti
1946 2067 1993 2106 in

376 2130 503 2169 altari
534 2133 677 2170 astare
706 2134 748 2170 et
777 2131 944 2170 seruire
989 2131 1190 2177 debeant,
1222 2133 1264 2170 et
1293 2132 1347 2170 ad
1392 2132 1474 2171 hoc
1516 2132 1821 2179 obtinendum,
1853 2132 1992 2183 aliqui

375 2206 548 2233 summo
578 2195 775 2234 diluculo
804 2198 906 2234 ante
936 2197 1130 2235 coeteros
1174 2196 1285 2235 lecto
1327 2199 1530 2247 surgunt,
1564 2198 1611 2235 ut
1653 2197 1777 2235 locus
1810 2196 1874 2235 eis
1904 2208 1992 2235 non

376 2260 681 2310 praeripiatur.
710 2260 904 2300 Libellos
924 2261 1157 2299 haeresum
1181 2261 1362 2300 uenenis
1383 2261 1582 2309 infectos,
1606 2261 1854 2300 clanculum
1886 2261 1993 2300 ami-

374 2324 437 2363 cis
468 2325 537 2363 uel
569 2325 826 2375 parentibus
855 2325 1118 2371 subtractos,
1142 2326 1271 2364 nobis
1291 2326 1496 2365 adferunt
1516 2325 1848 2372 examinandos,
1880 2337 1991 2376 quos

375 2388 412 2427 si
443 2389 695 2439 intelligant
724 2392 968 2440 corruptos,
1006 2390 1075 2429 uel
1106 2390 1364 2439 dilacerant,
1397 2391 1467 2430 uel
1498 2391 1696 2430 Vulcano
1726 2390 1920 2437 tradunt,
1951 2392 1992 2429 et

375 2453 420 2491 in
452 2454 533 2492 hoc
562 2465 658 2493 sese
687 2454 818 2493 nobis
861 2454 1125 2505 obsequium
1156 2456 1377 2505 praestare
1407 2455 1614 2505 gaudent.
1655 2454 1813 2494 Exacte
1842 2457 1993 2493 tenent

374 2530 527 2557 omnes
556 2518 687 2557 etiam
719 2519 907 2566 minimi,
940 2530 1049 2569 pene
1092 2520 1335 2559 etiamnum
1379 2520 1604 2567 infantuli,
1635 2519 1876 2558 orationem
1917 2519 1991 2558 do-

376 2583 598 2628 minicam,
643 2584 957 2622 salutationem
1003 2584 1262 2634 angelicam,
1308 2585 1559 2635 symbolum
1606 2584 1907 2635 apostolorum
1949 2586 1987 2623 et

374 2647 655 2698 decalogum,
689 2650 867 2698 tamque
896 2649 1007 2687 bene
1039 2649 1237 2688 confiteri
1266 2651 1445 2696 norunt,
1469 2651 1517 2688 ut
1546 2649 1713 2688 diceres
1742 2660 1816 2688 606
1837 2648 1990 2688 multis

374 2712 504 2751 annis
533 2712 579 2751 in
608 2724 659 2751 eo
688 2724 817 2763 opere
840 2715 1052 2752 uersatos.
1080 2713 1397 2760 Prouectiores,
1420 2714 1496 2764 qui
1522 2716 1698 2753 nostrae
1727 2713 1989 2764 disciplinae

436 2884 442 2900 ¹
468 2882 505 2914 P.
529 2882 779 2915 Theodoricus
803 2882 989 2921 Canisius,
1015 2882 1081 2915 Sti.
1108 2883 1205 2915 Petri
1228 2883 1369 2916 Canisii
1393 2893 1438 2916 ex
1474 2885 1578 2925 patre
1613 2884 1738 2923 frater,
1776 2883 1987 2916 sollemnem

373 2936 533 2975 quatuor
569 2936 738 2967 votorum
774 2935 1038 2976 professionem
1074 2936 1175 2967 vovit
1212 2937 1403 2977 Augustae
1440 2938 1499 2969 die
1537 2938 1575 2969 14
1610 2936 1778 2969 Octobris
1816 2937 1906 2968 1561.
1933 2935 1984 2968 Cf.

374 2986 683 3019 BRAUNSBERGER:
708 2988 751 3020 B.
776 2988 885 3020 Petri
912 2988 1069 3020 Canisii
1090 2989 1227 3030 Epist..
1252 2989 1313 3029 III,
1338 2990 1409 3029 256,
1434 2991 1505 3029 262,
1529 2990 1600 3022 669.
1625 2990 1681 3022 Ita
1703 2989 1815 3021 etiam
1845 2989 1884 3020 in
1906 2988 1984 3021 cod.

373 3038 474 3072 Hist.
499 3040 580 3072 Soc.
609 3041 689 3075 147,
715 3041 737 3073 f.
762 3042 834 3073 205.
