2099 3516
445 283 514 320 318
913 282 1118 318 LITTERAE
1151 281 1496 326 QUADmMEs'rnEs

399 413 468 441 ser
509 413 619 453 gran
648 401 792 441 medio
822 413 925 452 para
955 400 995 440 el
1025 401 1263 450 augmento
1292 398 1412 437 deste
1441 396 1642 447 collegio,
1687 408 1713 446 y
1756 395 2014 435 edificacion

398 466 519 505 desta
549 466 722 516 cibdad.
753 465 775 505 J
783 465 1037 527 untandose
1057 477 1082 504 a
1111 466 1204 503 esto
1234 464 1300 502 las
1329 461 1558 501 oraciones
1585 473 1612 511 y
1642 462 1819 500 sanctos
1852 460 2016 499 sacrifi—

399 530 491 569 cios
519 530 572 569 de
601 530 651 570 V.
686 530 732 569 P.
767 529 889 581 [etc]
922 529 983 568 De
1013 528 1146 568 Auila
1175 540 1200 578 y
1231 527 1283 566 de
1314 526 1440 575 Mayo
1472 525 1520 563 15
1549 525 1601 564 de
1632 525 1748 563 1561.

506 594 555 635 D.
586 594 636 634 V.
671 594 717 634 P.
750 593 1065 644 indignissimo
1094 592 1241 632 sieruo
1271 603 1325 630 en
1355 590 1394 630 el
1425 589 1564 629 Senor

1463 713 1492 763 ἢ·
1522 712 1726 751 ANTONIO
1756 711 1902 750 LAREZ
1932 713 1960 751 ¹.

1161 1001 1271 1050 527

772 1155 836 1205 Ρ.
896 1153 1257 1204 IOANNES
1313 1152 1669 1215 QUADRA

899 1302 1161 1328 BELLOMONTE
1191 1291 1233 1326 15
1260 1301 1350 1326 MAlI
1379 1290 1465 1324 1561
1493 1290 1518 1324 2.

403 1429 490 1463 1-2.
520 1424 752 1463 Sociorum
781 1423 986 1462 valetudo
1016 1424 1054 1461 et
1084 1423 1298 1471 religiosa
1327 1421 1581 1470 disciplina.
1619 1419 1741 1458 Cives
1774 1421 2023 1469 frequentes

510 1489 567 1527 ad
608 1489 890 1527 sacramenta
932 1487 1216 1537 suscipienda
1258 1486 1546 1524 concurrunt.
1580 1506 1629 1511 -—
1660 1489 1701 1523 3.
1730 1485 1897 1534 Populi
1931 1497 2024 1524 ma-

509 1554 730 1603 gistratus
772 1554 941 1592 nostris
984 1552 1190 1591 benevoli.
1236 1574 1287 1577 —
1327 1555 1373 1588 4.
1408 1550 1474 1588 Ad
1512 1551 1660 1588 vicina
1707 1551 1868 1599 oppida
1915 1551 2021 1598 itur,

512 1620 641 1667 atque
669 1631 721 1656 eac
750 1618 846 1656 illis
889 1618 945 1655 ad
986 1618 1165 1655 nostros
1207 1616 1386 1654 consilii
1424 1615 1626 1664 capiendi
1654 1615 1694 1652 et
1727 1616 2024 1654 sacramento-

512 1696 614 1722 rum
662 1695 799 1721 causa
845 1683 1086 1731 confluunt.
1130 1704 1180 1707 —
1224 1686 1264 1719 5.
1296 1680 1672 1720 scholasticorum
1709 1681 1934 1729 profectus
1976 1682 2024 1719 in

514 1749 677 1786 litteris
705 1748 745 1786 et
787 1747 911 1786 bonis
941 1747 1153 1785 moribus.
1199 1747 1370 1785 Eorum
1399 1746 1533 1784 multi
1575 1758 1627 1784 ex
1657 1746 1817 1783 vicinis
1852 1746 2024 1795 oppidis

512 1814 709 1851 veniunt.
740 1834 790 1838 —
820 1816 861 1850 6.
892 1811 1124 1850 Societatis
1166 1811 1454 1849 existimatio.
1493 1832 1536 1836 —
1569 1814 1609 1848 7.
1639 1810 1824 1848 Aedium
1863 1811 2024 1860 ampli-

513 1878 672 1927 ficatio.

495 2013 528 2051 1.
550 2013 579 2062 -ζ-
601 2012 689 2050 ihs.
714 2034 761 2039 -
794 2011 1049 2051 Reuerende
1071 2010 1308 2049 admodum
1331 2010 1376 2049 in
1398 2010 1475 2049 Χ.Ο
1499 2010 1569 2049 Pr.
1602 2033 1651 2037 —
1685 2009 1843 2050 Gracia
1872 2012 1914 2049 et
1942 2021 2026 2060 pax

409 2076 572 2116 Christi
594 2079 673 2116 etc.
700 2076 833 2127 [Socii
862 2077 962 2115 bene
996 2077 1140 2115 valent
1169 2078 1207 2115 et
1238 2077 1294 2114 (cd
1313 2077 1622 2125 perfectionem
1645 2074 1882 2126 aspirant}
1913 2074 2026 2113 Exo-

407 2141 654 2191 mologesin
683 2143 959 2190 peccatorum
983 2139 1150 2178 faciunt
1169 2140 1212 2178 8⁰
1232 2150 1407 2189 quoque
1425 2139 1495 2178 die
1516 2139 1633 2177 bona
1662 2150 1763 2189 pars
1793 2138 2024 2178 hominum

409 2216 458 2243 ac
497 2204 748 2250 mulierum,
780 2206 822 2243 et
864 2204 1208 2243 sacratissimam
1253 2203 1563 2242 comunionem
1601 2203 1864 2253 suscipiunt.
1895 2202 2026 2242 Sacro

409 2272 602 2320 tempore
632 2269 1019 2320 quadragessimae
1062 2268 1362 2307 confessiones
1405 2268 1581 2307 auditae
1624 2270 1728 2307 sunt
1766 2268 2023 2319 generalles‚

410 2335 627 2374 maximae
659 2334 751 2385 [sic]
782 2334 1090 2385 quorumdam,
1122 2334 1198 2384 qui
1242 2334 1454 2373 diuturno
1498 2334 1676 2373 silentio
1709 2334 1762 2373 30
1790 2346 2023 2380 annorum,

409 2402 451 2438 et
481 2399 658 2438 interim
688 2411 764 2449 per
793 2401 928 2438 totam
959 2399 1112 2444 uitam,
1146 2401 1321 2449 peccata
1359 2399 1568 2445 celarant,
1601 2399 1692 2448 qui,
1725 2398 1937 2449 pristinae
1966 2398 2027 2437 vi-

410 2466 479 2503 tae
505 2464 763 2514 penitentes,
786 2465 828 2502 et
849 2465 1123 2513 peccatorum
1148 2463 1339 2513 pondere
1360 2463 1574 2513 deposito,
1598 2475 1698 2502 vere
1727 2465 1769 2502 et
1797 2475 1849 2502 ex
1878 2463 2026 2502 animo

411 2528 674 2579 rescipuisse
704 2528 984 2567 uidebantur.

474 2738 481 2750 ¹
508 2735 600 2767 Vide
622 2735 716 2768 Litt.
747 2735 950 2774 Quadi-im.
974 2734 1017 2774 V,
1043 2735 1112 2766 152.

474 2790 485 2807 2
508 2787 559 2819 Ex
582 2789 740 2829 autogr„
766 2789 808 2820 ut
840 2788 998 2826 videtur,
1024 2787 1062 2819 in
1097 2787 1174 2819 cod.
1200 2786 1312 2827 Hisp.
1337 2787 1397 2825 98,
1434 2787 1457 2819 s.
1489 2787 1571 2825 2112
1596 2786 1700 2827 prius
1733 2786 1804 2818 9297.
1840 2784 2027 2817 Praecedit

412 2840 514 2872 aliud
547 2840 754 2881 exemplum
787 2840 945 2872 latinum
979 2840 1018 2871 in
1041 2840 1064 2872 f.
1092 2840 1161 2871 110.
1197 2839 1289 2870 Tum
1324 2839 1393 2871 hae
1416 2839 1575 2878 litterae,
1606 2840 1686 2870 tum
1714 2838 1982 2879 subsequentes
2005 2845 2026 2868 a

412 2894 449 2925 P.
475 2893 622 2933 Quadra
655 2894 815 2934 scriptae
848 2893 952 2934 parvi
986 2893 1161 2924 momenti
1196 2893 1295 2931 sunt,
1321 2893 1357 2924 et
1391 2901 1521 2933 parum
1555 2892 1729 2924 accurata
1762 2889 2027 2931 orthographia

413 2948 597 2985 exaratae,
623 2948 658 2978 et
681 2946 972 2978 correctionibus
995 2945 1138 2986 abipso
1162 2946 1323 2984 auctore,
1348 2946 1390 2977 ut
1413 2945 1571 2989 Videtur,
1595 2944 1704 2976 factis
1728 2944 1882 2975 scatent.
1907 2942 2026 2974 Pauca
2088 2946 2099 2988 μ

414 3000 558 3031 tantum
583 3008 627 3031 ex
644 2999 718 3031 illis
742 2999 1005 3036 exscribemus,
1034 3007 1100 3030 nec
1123 2997 1162 3029 in
1186 2997 1477 3030 correctionibus
1500 2997 1725 3029 annotandis
1748 2995 2023 3028 inmorabimur.

415 3052 544 3083 Exstat
567 3061 691 3093 apogr.
717 3052 756 3083 in
779 3051 928 3084 Archiv.
953 3051 1140 3083 Colonien.
1165 3050 1343 3090 (HANSEN‚
1368 3050 1390 3083 l.
1416 3059 1445 3083 c.
1471 3050 1556 3091 767).
