2099 3516
400 235 468 270 <2502
869 233 1074 269 LITTERAE
1110 232 1454 276 QUADmMESTREs
1469 250 1471 253 .

1111 481 1210 532 513

893 627 1104 653 MONACHIO
1134 618 1148 652 1
1178 628 1269 653 MA11
1299 616 1385 651 1561
1414 616 1438 652 ¹.

351 753 389 788 1.
411 749 723 799 Septemdecim
743 750 852 787 socii
873 761 1065 797 quorum
1085 750 1280 798 quinque
1300 747 1561 786 sacerdotes.
1588 747 1710 796 Viget
1731 746 1972 795 disciplina

458 815 497 853 et
525 814 922 863 mortificationum
951 813 1167 851 studium.
1199 812 1467 850 Adiumento
1496 812 1692 860 fuerunt,
1724 811 1843 849 inter
1862 811 1968 857 alia,

457 879 721 928 spiritualia
766 879 991 916 eoeercitia.
1043 877 1160 916 Socii
1189 878 1332 915 sacris
1360 877 1547 915 initiati.
1580 877 1634 914 P.
1665 875 1971 914 Provincialis

456 944 671 982 visitatio.
725 942 1003 981 Candidatus
1046 942 1103 980 ad
1139 941 1425 992 probationes
1467 941 1710 980 admissus,
1757 962 1807 966 —
1837 944 1878 978 2.
1908 941 1970 978 De

456 1008 617 1046 scholis
663 1008 702 1045 et
748 1007 1024 1046 scholasticis
1076 1005 1480 1045 eoeercitationibus.
1517 1004 1750 1043 Comoedia
1778 1004 1971 1043 exhibita

450 1073 739 1122 periucunde,
779 1072 1145 1121 frequentissima
1186 1071 1429 1121 plaudente
1476 1082 1652 1109 corona.
1682 1091 1733 1095 —
1763 1073 1804 1108 3.
1834 1069 1972 1108 Aedes

456 1137 732 1176 scholasticis
756 1136 1029 1186 pauperibus
1072 1136 1368 1185 quaeruntur.
1412 1157 1463 1161 —
1490 1138 1534 1172 4.
1574 1134 1802 1173 Habitatio
1831 1134 1971 1173 simul

456 1216 556 1241 cum
584 1203 800 1241 reditibus
843 1203 988 1240 aucta.
1032 1224 1083 1228 ——
1131 1206 1172 1240 5.
1203 1201 1471 1239 Nostrorum
1519 1199 1796 1238 contionibus
1838 1200 1972 1238 multi

456 1267 513 1305 ad
532 1268 852 1316 confessionem
872 1267 1106 1313 accedunt;
1128 1267 1224 1315 alii,
1248 1265 1470 1304 abiuratis
1499 1264 1743 1310 erroribus,
1767 1265 1971 1303 ecclesiae

456 1333 819 1371 reconciliantur.
849 1354 899 1358 —
930 1335 971 1369 6.
1000 1332 1232 1380 Principis
1261 1331 1484 1369 Bavariae
1516 1330 1629 1378 laus,
1678 1330 1859 1378 eiusque
1883 1342 1969 1379 pro

455 1398 671 1435 catholica
712 1397 794 1445 fide
823 1396 1090 1435 sollicitudo.
1136 1418 1184 1422 -
1216 1399 1256 1434 ¹7.
1287 1395 1517 1444 Principis
1548 1395 1689 1432 mater
1730 1395 1770 1432 et
1808 1395 1970 1432 coniux

454 1463 678 1500 sociorum
718 1461 1053 1500 necessitatibus
1078 1462 1330 1510 prospicere
1377 1460 1552 1499 curant.
1586 1459 1816 1508 Principis
1863 1471 1969 1508 erga

454 1528 643 1565 matrem
673 1527 935 1565 reverentia.
968 1547 1017 1552 —-
1047 1529 1089 1564 8.
1124 1526 1329 1564 Aliorum
1358 1537 1465 1574 erga
1493 1526 1634 1563 socios
1663 1523 1866 1562 studium
1888 1524 1967 1561 aut

458 1592 623 1630 odium.

432 1727 466 1766 1.
496 1727 524 1776 ἦ
552 1727 646 1767 Jhs.
679 1726 768 1765 Pax
805 1725 967 1765 Christi
1012 1725 1260 1771 nobiscum,
1294 1724 1398 1764 Rde.
1433 1724 1574 1763 Pater.
1608 1723 1729 1773 Quae
1755 1723 1807 1762 de
1849 1725 1969 1762 statu

352 1790 681 1830 monachiensis
710 1791 846 1830 huius
875 1790 1047 1841 collegij
1081 1789 1481 1840 quadrimestribus
1510 1789 1609 1828 istis
1638 1788 1869 1827 scribenda
1899 1799 1969 1827 oc-

349 1858 547 1901 currunt,
580 1855 773 1894 breuiter
802 1855 865 1894 sic
896 1856 1055 1894 habeat
1086 1853 1190 1894 Rda.
1224 1855 1271 1893 P.
1305 1856 1394 1893 tua.
1428 1854 1591 1893 Sumus
1617 1853 1689 1892 hic
1718 1853 1765 1892 in
1795 1852 1972 1892 uniuer-

350 1931 448 1959 sum
479 1931 662 1959 numero
694 1920 756 1966 17,
788 1931 840 1958 ex
869 1919 1033 1970 quibus
1062 1919 1259 1969 quinque
1279 1920 1384 1957 sunt
1408 1917 1671 1964 sacerdotes,
1694 1917 1971 1956 coadiutores

350 1986 451 2027 tres,
484 1984 643 2035 reliqui
687 1984 757 2023 uel
800 1985 1117 2034 praeceptores,
1164 1983 1234 2022 uel
1277 1982 1500 2033 discipuli.
1546 1982 1658 2021 Sunt
1699 1983 1846 2021 autem
1889 1993 1971 2021 sua

350 2049 517 2100 singuli
547 2051 663 2088 sorte
692 2048 856 2089 Christi
887 2049 1028 2099 gratia
1058 2048 1270 2096 contenti,
1301 2050 1342 2087 et
1371 2049 1549 2087 strenue
1574 2046 1885 2098 perfectionem
1915 2046 1970 2086 ad

349 2125 480 2163 quam
528 2116 707 2153 uocatos
749 2125 795 2153 se
829 2113 1100 2164 intelligunt,
1132 2115 1370 2152 sectantur.
1403 2112 1597 2163 Regulas
1639 2111 1823 2162 proinde
1865 2123 1970 2151 suas

349 2180 391 2217 et
411 2177 656 2229 intelligere
676 2180 719 2218 et
738 2178 936 2218 studiose
957 2180 1114 2217 curant
1134 2178 1394 2217 obseruare:
1418 2179 1459 2216 et
1482 2176 1519 2216 si
1546 2176 1725 2227 quando
1747 2175 1971 2227 negligen-

350 2243 483 2282 tiores
512 2243 558 2282 in
588 2255 738 2283 earum
783 2243 1094 2283 obseruatione
1123 2255 1169 2282 se
1199 2242 1336 2282 fuisse
1378 2242 1723 2293 deprehendant,
1755 2241 1971 2281 ultroneis

349 2308 468 2347 hunc
496 2308 712 2348 defectum
743 2307 1113 2358 castigationibus
1134 2318 1434 2358 compensare,
1459 2306 1714 2357 neutiquam
1746 2306 1966 2345 dubitant.

349 2372 535 2412 Cernere
565 2373 608 2412 id
638 2373 828 2412 maxime
858 2373 941 2412 fuit
970 2384 1095 2411 sacro
1129 2371 1493 2423 quadragesimae
1527 2373 1737 2422 tempore,
1768 2383 1856 2422 quo
1886 2370 1969 2409 fre-

349 2437 659 2488 quentioribus
701 2437 969 2477 humilitatis
1011 2437 1232 2487 exercitijs
1261 2437 1315 2476 ad
1355 2435 1677 2476 confessionem
1720 2435 1969 2486 generalem

351 2503 513 2542 rectius
544 2503 852 2554 peragendam,
884 2504 926 2542 et
955 2504 1059 2542 uota
1089 2502 1245 2541 maiori
1289 2501 1524 2541 deuotione
1568 2500 1838 2546 renouanda,
1870 2511 1970 2551 ope-

351 2578 441 2605 ram
473 2567 638 2618 singuli
669 2567 926 2618 diligentem
957 2567 1125 2607 dedere.
1157 2566 1276 2606 Solet
1305 2567 1451 2606 autem
1481 2565 1534 2604 ad
1566 2564 1841 2616 spiritualem
1867 2575 1968 2603 nos-

350 2632 515 2670 trorum
561 2631 803 2682 profectum
847 2643 937 2670 non
982 2642 1168 2681 paruum
1216 2630 1378 2669 habere
1426 2631 1712 2676 momentum,
1764 2628 1969 2679 frequens

412 2839 421 2855 ¹
446 2837 497 2868 Ex
519 2836 732 2878 apographo
755 2845 889 2868 coaevo
912 2836 950 2867 in
973 2836 1051 2868 cod.
1080 2835 1207 2867 Germ.
1233 2835 1316 2871 143,
1334 2834 1369 2867 ff.
1387 2835 1499 2870 31-302:
1517 2834 1621 2875 prius
1637 2833 1771 2865 230-231
1788 2833 1966 2874 (224225).

350 2890 460 2922 Aliud
483 2890 689 2931 exemplum
712 2890 768 2922 est
792 2889 830 2921 in
853 2889 933 2921 cod.
962 2889 1090 2922 Germ.
1116 2888 1199 2924 139,
1225 2888 1248 2921 f.
1280 2889 1331 2920 68.
1369 2887 1534 2920 Tertium
1571 2887 1610 2919 in
1647 2886 1747 2919 arch.
1786 2886 1966 2918 colonien.

350 2943 511 2981 HANSEN‚
536 2942 559 2974 l.
584 2951 614 2975 c.
638 2943 710 2974 765.
735 2942 958 2974 particulam
982 2941 1099 2973 edidit
1122 2941 1433 2973 BRAUNSBERGER:
1458 2939 1637 2987 Bi'Petri
1656 2938 1813 2971 Canisii
1827 2938 1966 2984 Epist„

349 2995 411 3035 III,
436 2995 507 3027 691.
