2099 3516
439 241 509 276 406
914 241 1120 278 Ll'r'rERAE
1145 242 1488 287 QUADmMEsrREs

390 361 539 399 tatem.
572 359 667 408 Quo
696 360 767 399 die
797 360 974 410 publica
1004 360 1196 410 praemia
1218 360 1496 399 scholasticis
1516 360 1755 401 distributa
1783 364 1901 408 sunt,
1933 363 2006 402 ad·

391 424 475 463 fuit
518 424 587 463 Pr.
620 424 804 464 Natalis.
838 424 1025 463 Habitae
1067 426 1172 463 sunt
1200 424 1329 463 initio
1370 424 1484 464 duae
1525 425 1748 465 orationes
1786 427 2005 476 praesenti

389 488 633 528 celebritati
655 488 1030 535 accommodatae;
1049 488 1187 528 altera
1203 489 1354 539 ligata,
1373 489 1511 528 altera
1531 501 1636 528 uero
1656 490 1815 530 soluta.
1839 491 2005 530 Deinde

389 553 552 592 eximio
594 553 785 604 quodam
828 554 1043 603 apparatu
1087 553 1332 592 uictoribus
1375 553 1570 603 praemia
1613 554 1715 593 data
1744 557 1862 596 sunt.
1892 555 2002 595 Nam

390 619 694 668 praeterquam
724 616 839 667 quod
870 619 1165 667 spectatorum
1196 629 1406 657 numerus
1435 617 1593 668 ingens
1621 620 1727 667 erat,
1751 618 1844 669 ipse
1872 619 2003 659 etiam

389 681 527 729 locus,
550 692 706 731 nempe
736 681 1014 731 peristylium
1043 681 1265 721 internum
1290 682 1482 732 collegij,
1505 682 1686 722 mirifice
1707 683 1950 723 instructus
1969 692 2002 731 a,

387 748 520 796 atque
549 748 733 785 ornatus
752 758 804 785 ex
826 745 1065 785 modulatis
1093 748 1322 786 cantorum
1344 746 1529 786 uocibus
1549 748 1592 786 et
1611 747 2003 787 instrumentorum

389 822 465 861 per
493 810 730 850 interualla
759 810 956 861 repetitis
984 811 1291 859 concentibus,
1324 811 1514 850 multum
1544 811 1726 862 gratiae,
1757 814 1800 851 et
1827 812 2006 852 celebri-

387 875 492 914 tatis
521 875 718 914 accessit.
742 875 906 914 Vltimo
935 875 1132 914 exhibita
1153 877 1218 915 est
1237 876 1453 926 quaedam
1482 875 1633 926 ecloga
1662 888 1752 915 non
1780 876 1925 916 aliena
1949 878 2005 916 ab

387 940 539 979 eodem
570 939 802 986 instituto;
834 951 967 990 quam
996 940 1220 979 auditores
1241 939 1370 990 primi
1400 940 1619 991 gymnasij
1650 943 2002 991 composuerant.

387 1004 545 1044 Secuta
574 1007 680 1044 sunt
707 1004 854 1044 statim
887 1004 1255 1044 scholasticorum
1292 1005 1512 1052 examina,
1544 1006 1587 1044 et
1615 1016 1667 1044 ex
1696 1005 1753 1056 ijs
1781 1005 1857 1056 qui
1887 1006 2005 1056 apud

387 1081 470 1109 nos
498 1069 646 1109 idonei
676 1071 781 1109 sunt
809 1069 982 1108 inuenti
1004 1070 1126 1120 (sunt
1146 1072 1292 1109 autem
1323 1069 1369 1108 hi
1391 1081 1481 1109 non
1509 1070 1671 1120 pauci),
1694 1072 1736 1109 et
1755 1070 1831 1121 qui
1860 1070 2004 1110 aliun-

387 1135 455 1182 de,
488 1136 536 1174 ut
555 1135 765 1181 assolent,
798 1133 974 1173 uenturi
1004 1136 1132 1181 sunt,
1165 1134 1441 1173 dialecticam
1470 1134 1553 1174 hoc
1582 1146 1700 1174 anno
1720 1135 1874 1175 audire
1899 1135 2005 1175 inci-

387 1199 523 1251 pient.
568 1198 881 1249 Superioribus
922 1199 1054 1237 etiam
1084 1198 1241 1238 diebus
1284 1210 1413 1238 orsus
1442 1201 1508 1238 est
1536 1199 1717 1250 quidam
1759 1211 1812 1238 ex
1840 1200 2005 1239 nostris

387 1265 541 1304 docere
571 1275 730 1314 pueros
772 1263 1046 1302 characteres
1088 1263 1316 1302 literarum
1359 1263 1594 1303 delineare.
1640 1263 1753 1303 Sunt
1780 1264 1828 1303 hi
1870 1276 2004 1312 supra

387 1329 616 1375 ducentos,
647 1327 762 1367 inter
802 1339 915 1378 quos
959 1327 1167 1366 nonnulli
1211 1327 1343 1367 etiam
1387 1327 1586 1367 uirorum
1629 1328 1847 1368 nobilium
1876 1329 2004 1368 liberi

386 1394 635 1433 censentur.
660 1392 817 1431 Essent
846 1403 950 1431 uero
980 1391 1110 1442 longe
1131 1392 1296 1442 plures,
1319 1392 1358 1431 si
1379 1392 1476 1432 sine
1505 1392 1760 1432 discrimine
1789 1395 2004 1444 quotquot

386 1457 567 1504 uellent,
612 1456 976 1503 admitterentur;
1021 1456 1140 1507 quod
1170 1457 1385 1496 hactenus
1428 1469 1517 1496 non
1546 1455 1564 1482 b
1594 1459 1660 1496 est
1688 1458 2001 1505 obseruatum;

385 1522 532 1561 solum
575 1521 693 1560 enim
722 1520 906 1560 admissi
950 1523 1069 1568 sunt,
1101 1521 1179 1572 qui
1221 1523 1323 1560 ante
1369 1521 1452 1560 hac
1481 1521 1527 1560 in
1569 1521 1675 1561 ludo
1703 1521 2001 1570 elementario,

385 1586 635 1626 Cardinalis
677 1597 809 1636 opera
851 1588 894 1625 et
936 1587 1117 1636 sumptu
1160 1585 1364 1634 excitato,
1395 1586 1739 1626 erudiebantur:
1785 1586 1848 1626 sic
1886 1586 2003 1626 enim

384 1651 590 1702 expedire
632 1650 781 1690 uisum
824 1650 921 1689 fuit.
968 1649 1064 1699 Quo
1105 1652 1301 1700 tempore
1347 1650 1495 1689 studia
1524 1658 1539 1676 0
1573 1650 1825 1690 intermissa
1867 1651 2003 1702 repeti

384 1716 545 1763 solent,
589 1714 798 1754 omnibus
844 1715 1013 1765 patebit
1055 1714 1217 1754 aditus.
1263 1714 1466 1764 Quantus
1504 1715 1562 1754 sit
1602 1715 1738 1754 huius
1767 1715 2001 1767 ministerij

384 1781 561 1821 futurus
603 1780 786 1828 fructus,
818 1791 870 1819 ex
900 1780 971 1819 his
1012 1780 1169 1831 initijs,
1201 1780 1325 1819 uelut
1354 1792 1407 1819 ex
1449 1780 1586 1819 herba
1615 1780 1812 1831 cepimus
1842 1780 2004 1820 intelli-

385 1857 518 1897 gere3
550 1845 695 1884 solent
722 1845 841 1884 enim
879 1847 1082 1895 parentes
1113 1844 1325 1896 magistro
1355 1845 1520 1896 gratias
1549 1857 1677 1896 agere
1705 1846 1762 1884 ob
1792 1845 2000 1893 indolem,

383 1912 426 1950 et
455 1921 598 1949 nouae
643 1909 876 1948 cuiusdam
914 1909 1094 1949 uirtutis
1138 1909 1323 1957 semina,
1355 1921 1468 1960 quae
1498 1909 1543 1948 in
1583 1909 1734 1949 liberis
1763 1909 2002 1960 deprehen-

385 1975 511 2015 dunt.

462 2040 501 2079 8.
525 2039 651 2089 Quod
671 2039 727 2078 ad
747 2038 883 2078 huius
917 2039 1091 2090 collegij
1132 2041 1174 2078 et
1213 2039 1463 2078 academiae
1492 2041 1757 2078 structuram
1797 2040 1999 2090 pertinet,

385 2105 543 2144 ultima
577 2104 664 2144 fere
697 2115 856 2143 manus
878 2103 1053 2154 utrique
1083 2104 1169 2143 iam
1202 2104 1458 2154 imponitur,
1492 2104 1866 2155 perficiunturque
1896 2116 2004 2144 non-

386 2170 524 2216 nulla,
548 2181 660 2220 quae
681 2169 929 2209 necessaria
958 2169 1239 2217 uidebantur,
1265 2171 1312 2208 ut
1338 2169 1566 2209 honestior
1586 2172 1714 2217 esset,
1737 2172 1868 2220 atque
1889 2181 2003 2209 com-

384 2235 555 2274 modior
576 2234 805 2274 habitatio.
840 2234 921 2273 His
945 2234 1144 2284 peractis,
1167 2234 1231 2273 sic
1260 2236 1389 2273 erunt
1408 2234 1558 2273 omnia
1578 2235 1798 2282 absoluta,
1820 2237 1868 2274 ut
1888 2235 2002 2274 nihil

383 2299 442 2338 sit
462 2299 731 2346 defuturum,
750 2299 867 2349 quod
899 2301 939 2338 et
969 2299 1025 2337 ad
1054 2301 1275 2345 ornatum,
1298 2300 1340 2338 et
1361 2299 1415 2337 ad
1436 2299 1768 2338 commoditates
1797 2299 2002 2338 domesti-

381 2375 458 2402 cas
477 2363 706 2413 pertineat.
727 2363 964 2402 Externum
986 2363 1264 2413 peristylium
1286 2363 1482 2402 continet
1501 2363 1732 2402 duodecim
1753 2363 1999 2414 gymnasia,

383 2429 555 2479 praeter
591 2428 738 2466 aulam
768 2428 990 2478 quandam
1023 2427 1226 2477 publicae
1255 2428 1530 2475 bibliotecae,
1571 2430 1613 2467 et
1650 2428 1829 2467 domum
1850 2427 1998 2476 aliam,

384 2493 431 2531 in
461 2504 549 2542 qua
578 2492 701 2542 pueri
732 2492 872 2542 prima
915 2492 1137 2531 scribendi
1182 2492 1432 2531 rudimenta
1473 2492 1724 2532 edocentur.
1766 2492 1840 2531 Est
1869 2492 1999 2532 etiam

384 2557 507 2596 iuxta
528 2557 707 2596 ianuam
737 2568 925 2607 paruum
955 2557 1178 2606 quoddam
1208 2557 1482 2596 domicilium
1512 2557 1691 2596 ianitori
1721 2560 1899 2596 externo
1929 2558 2000 2596 de-

382 2621 612 2661 stinatum.
637 2622 686 2660 In
709 2623 858 2660 nostro
889 2621 1052 2671 templo
1078 2621 1284 2672 deinceps
1314 2622 1602 2672 promouendi
1623 2624 1727 2661 sunt
1747 2622 2000 2661 scholastici

382 2686 439 2725 ad
468 2686 670 2737 publicos
712 2686 891 2737 gradus,
938 2686 1136 2735 quandiu
1167 2686 1289 2725 aliud
1320 2686 1464 2725 maius
1494 2698 1583 2725 non
1624 2686 1856 2734 extruitur,
1901 2698 1999 2726 cum

382 2762 472 2800 quo
501 2750 632 2789 etiam
662 2750 879 2800 quaedam
917 2750 1122 2789 cubicula
1152 2753 1302 2790 nostro
1332 2750 1433 2790 usui
1481 2750 1728 2790 necessaria
1770 2751 2000 2790 excitanda

383 2818 502 2855 sunt.
549 2815 773 2866 Singulari
816 2815 934 2853 enim
978 2827 1082 2854 cura
1127 2815 1340 2865 prospicit
1386 2814 1648 2864 Cardinalis,
1682 2818 1729 2855 ut
1757 2816 1841 2854 hoc
1869 2827 1999 2855 suum

382 2881 633 2920 aedificium
663 2892 795 2931 quam
827 2880 1144 2931 perfectissime
1183 2881 1455 2920 absoluatur.
1488 2880 1575 2920 Nec
1605 2881 1753 2920 minus
1781 2892 1832 2919 ea
1860 2882 1997 2928 curat,

444 3023 463 3041 a
484 3016 774 3047 instructructus
798 3024 868 3047 ms.
893 3033 933 3037 —
956 3014 975 3040 b
996 3023 1070 3046 non
1093 3024 1220 3055 supra
1244 3024 1343 3047 vers.
1369 3033 1408 3037 —-
1431 3024 1446 3042 c
1468 3015 1593 3047 studia
1615 3024 1741 3056 supra
1767 3024 1867 3047 vers.
