2099 3516
451 273 530 309 60202.
557 296 601 300 —-
627 275 869 312 VINDOBONA
895 276 941 311 029
966 276 1159 313 IANUARII
1186 276 1276 312 1562
1563 276 1631 313 749

49 392 92 431 et
121 390 313 442 Spiritus
342 390 555 439 Sanctus3
580 393 656 445 alij
688 395 956 444 suspirando
985 395 1154 435 dicere:
1178 395 1365 443 utinam,
1392 395 1559 435 utinam
1583 406 1678 446 pre-

48 456 175 496 cibus
210 455 318 495 meis
348 456 464 506 apud
498 457 637 497 Deum
669 471 841 509 possem
872 460 1058 508 efficere,
1090 473 1178 511 quo
1209 460 1296 500 cito
1318 459 1674 507 reuerteremini;

48 521 125 573 alij
155 521 348 572 denique
376 533 423 560 se
453 521 509 573 ijs
538 523 794 574 adiungere,
832 527 963 576 atque
993 525 1253 565 Societatem
1286 527 1480 565 nostram
1504 524 1676 575 ingredi

48 589 272 638 cuperent,
305 588 347 626 et
375 598 608 638 sumopere
638 589 783 628 adhuc
826 590 1022 640 cupiant.
1055 590 1149 629 Non
1182 591 1363 630 deerant
1404 592 1567 636 tamen,
1599 589 1676 641 qui

47 663 123 691 eos
169 663 345 702 quoque
374 652 571 702 grauiter
599 665 729 703 saepe
762 657 1140 705 persequerentur,
1173 658 1305 706 atque
1339 655 1461 705 ipsos
1489 666 1579 694 non
1610 666 1678 694 so-

47 716 140 756 lum
161 727 280 756 nunc
301 716 439 756 falsos
461 717 715 767 prophetas,
741 730 859 757 nunc
880 720 1125 770 gebusitas,
1148 732 1268 759 nunc
1292 719 1535 770 phariseos,
1558 731 1677 759 nunc

48 780 317 832 hypocritas,
340 781 531 833 alijsque
556 784 892 823 contumeliosis
914 785 1174 824 nominibus
1194 785 1492 836 appellarent3
1521 796 1676 824 uerum

46 846 179 886 etiam
209 846 393 885 uerbera
436 846 710 898 plerumque,
744 860 894 887 cruces
924 851 965 888 et
994 852 1187 888 extrema
1217 861 1390 900 queque
1433 849 1497 889 eis
1526 861 1678 900 super—

48 911 229 951 bissime
259 911 548 952 minarentur.
573 911 803 952 Coeterum
835 914 971 953 nostri
997 915 1232 965 peregrini,
1257 915 1333 954 Dei
1356 914 1453 965 Opt.
1478 914 1674 962 Maximi,

47 991 73 1018 a
101 993 189 1032 quo
231 978 414 1019 minime
444 977 856 1028 peregrinabantur,
907 979 1085 1018 dextera
1115 979 1217 1019 illos
1260 979 1305 1018 in
1351 979 1422 1019 his
1467 979 1677 1030 periculis

46 1047 354 1092 conseruante,
382 1054 536 1083 omnes
566 1044 681 1081 stato
712 1042 799 1081 fere
830 1045 1024 1094 tempore
1054 1045 1107 1083 ad
1143 1056 1225 1084 nos
1255 1044 1330 1084 leti
1360 1046 1401 1084 et
1432 1044 1677 1084 incolumes

47 1112 622 1220 Γθηξῗᾶἓιέὶρτοὴᾶῑίοοθω,
654 1179 743 1217 qua
789 1167 985 1207 Societas
1029 1170 1180 1207 nostra
1225 1169 1288 1208 uti
1332 1169 1459 1216 solet,
1491 1169 1676 1208 admissi

46 1237 152 1274 sunt
179 1235 316 1274 unius
345 1233 576 1273 dumtaxat
606 1232 772 1271 mensis
802 1232 1038 1280 curriculo,
1073 1237 1244 1284 praeter
1287 1234 1400 1273 alios
1442 1234 1674 1285 quosdam,

46 1298 356 1349 duodeuiginti
387 1296 587 1347 insignes
621 1296 938 1343 adolescentes,
971 1299 1118 1347 atque,
1152 1300 1199 1337 ut
1220 1299 1416 1349 apparet,
1444 1297 1677 1337 Societatis

45 1363 251 1402 instituto
281 1361 518 1414 aptissimi,
550 1372 639 1400 non
670 1360 766 1400 sine
797 1372 986 1407 summo,
1021 1364 1067 1400 ut
1101 1374 1346 1412 speramus,
1379 1364 1421 1401 et
1456 1362 1601 1402 fructu
1636 1363 1676 1401 et

45 1441 229 1469 suarum
258 1428 508 1468 animarum
534 1426 854 1466 consolatione.
880 1426 1148 1466 Exercentur
1177 1427 1294 1466 enim
1326 1428 1413 1479 piJs
1443 1427 1677 1478 quotidiea

46 1492 427 1539 meditationibus,
459 1493 592 1542 atque
622 1491 670 1530 in
700 1491 870 1530 uilibus
901 1491 1331 1543 demissioribusque
1375 1492 1544 1543 offitijs,
1576 1504 1677 1532 cuin

44 1570 198 1598 omnes
218 1570 271 1598 ex
291 1569 447 1609 aequo,
471 1559 566 1597 tum
588 1556 777 1595 maxime
798 1557 1077 1598 recentiores.
1097 1570 1119 1596 e
1140 1558 1304 1609 quibus
1324 1558 1350 1597 4
1369 1557 1388 1583 b
1419 1560 1520 1597 ante
1543 1570 1676 1608 quam

46 1623 358 1675 reciperentur,
391 1623 452 1662 ita
482 1622 862 1672 conspirauerant,
893 1625 939 1661 ut
970 1634 1069 1661 cum
1117 1623 1318 1662 uiderent
1360 1623 1551 1662 nimium
1582 1635 1676 1674 per-

45 1688 162 1728 trahi
192 1700 320 1729 suam
351 1688 398 1727 in
428 1689 629 1727 nostrum
677 1699 911 1726 numerum
963 1687 1296 1735 admissionem,
1327 1688 1565 1739 collegium
1595 1688 1676 1727 ali-

44 1754 219 1806 quoties
267 1753 472 1805 ingressi,
511 1753 634 1792 nulla
684 1752 810 1792 illinc
855 1753 1026 1791 ratione
1073 1753 1208 1792 auelli
1259 1753 1496 1803 potuerint,
1537 1753 1677 1793 donec

44 1831 227 1859 suorum
259 1821 465 1859 uotorum
495 1819 721 1868 compotes
752 1825 766 1843 0
788 1818 1080 1857 efficerentur.

123 1885 161 1924 4.
195 1884 356 1924 Verum
390 1884 496 1923 haec
526 1883 742 1922 hactenus
772 1883 825 1922 de
856 1883 1125 1923 domesticis.
1158 1884 1301 1923 Locus
1331 1883 1417 1923 iam
1450 1883 1677 1934 postulare

45 1950 236 1999 uidetur,
269 1953 316 1990 ut
347 1962 460 2001 quae
490 1950 536 1989 in
566 1949 734 1989 scholis
761 1949 925 1988 nostris
956 1952 1164 1997 aguntur,
1188 1949 1367 1989 silentio
1388 1961 1565 2001 quoque
1585 1961 1676 1989 non

44 2016 347 2056 inuoluamus.
384 2015 662 2055 Professores
683 2015 856 2054 classici
881 2015 1112 2053 duodecim
1137 2027 1319 2054 numero
1345 2016 1464 2061 sunt,
1487 2026 1676 2065 quorum

44 2081 91 2120 in
120 2093 201 2121 sua
231 2081 421 2132 quisque
452 2080 680 2119 functione
701 2079 909 2126 gnauiter
930 2082 1146 2119 uersatur.
1171 2079 1331 2119 Schola
1361 2079 1541 2130 logices,
1564 2091 1677 2130 quae

44 2146 365 2197 posterioribus
394 2145 795 2197 quadriniestribus
825 2147 922 2184 octo
953 2145 1005 2183 ad
1037 2157 1259 2184 summum
1291 2145 1516 2184 auditores
1546 2145 1678 2184 habe-

44 2211 133 2259 bat,
165 2211 253 2250 iam
283 2211 337 2250 ad
366 2210 419 2249 0ΖΟ
449 2222 687 2250 numerum
717 2210 926 2249 excreuit.
976 2210 1191 2249 Exercitia
1236 2221 1342 2249 uero
1386 2209 1551 2260 quibus
1585 2212 1674 2249 stu-

43 2276 174 2325 diosi,
207 2279 300 2316 tum
343 2276 399 2315 ad
430 2276 659 2318 uirtutem.
692 2277 785 2314 tum
832 2275 888 2314 ad
931 2275 1224 2326 capessendas
1255 2276 1395 2314 bonas
1425 2277 1541 2314 artes
1570 2275 1678 2314 exti-

45 2331 287 2389 mulantur,
319 2341 498 2381 diuersa
529 2343 648 2388 sunt,
682 2353 762 2380 nec
801 2353 851 2380 ea
894 2341 1071 2392 quidem
1118 2340 1427 2391 infrequentia.
1462 2340 1676 2391 Theologi

43 2406 113 2446 bis
142 2407 295 2458 legunt
325 2406 558 2458 quottidie,
592 2406 751 2457 reliqui
783 2409 831 2446 ut
860 2408 976 2445 ante.
1024 2405 1211 2456 Logicae
1240 2405 1454 2445 canditati
1484 2405 1677 2456 singulis

43 2472 398 2512 hebdomadibus
419 2471 453 2519 d,
504 2474 675 2522 praeter
717 2472 1003 2523 quotidianas
1033 2471 1383 2518 exercitationes,
1424 2470 1540 2509 diem
1579 2471 1677 2510 sab-

44 2537 167 2577 bathi
189 2539 332 2578 totum
361 2537 744 2588 disputationibus
772 2539 1046 2577 consecrant.
1072 2536 1376 2576 Humanitatis
1405 2535 1613 2586 discipuli
1635 2537 1677 2575 et

44 2603 242 2642 rhetores
275 2603 322 2642 in
344 2603 442 2642 suis
476 2602 740 2654 segregatim
773 2603 940 2642 scholis
971 2602 1084 2641 idem
1117 2603 1268 2652 agunt.
1302 2601 1504 2652 Exigitur
1533 2613 1558 2641 a
1587 2601 1677 2641 sin-

43 2667 162 2719 gulis
190 2669 349 2707 octauo
392 2679 570 2718 quoque
599 2667 670 2707 die
712 2668 995 2707 exactissima
1042 2667 1267 2706 doctrinae
1314 2666 1584 2706 christianae
1611 2678 1677 2705 ra-

43 2732 128 2780 tio;
160 2733 427 2773 confitentur
455 2745 609 2772 omnes
639 2733 834 2783 singulis
866 2733 1119 2779 mensibus;
1152 2731 1270 2782 quod
1293 2731 1373 2771 etsi
1405 2731 1674 2782 quibusdam

44 2797 175 2837 ualde
217 2797 265 2836 in
295 2797 451 2848 primis
494 2797 694 2837 insolens
740 2797 990 2840 uidebatur,
1038 2808 1156 2836 nunc
1187 2798 1334 2835 tamen
1374 2795 1510 2835 alacri
1542 2795 1674 2835 etiam

43 2861 193 2902 animo
223 2862 439 2913 paulatim
469 2864 749 2909 assuescunt,
783 2862 892 2901 adeo
925 2864 972 2901 ut
1002 2862 1116 2901 inter
1146 2861 1248 2900 illos
1282 2872 1370 2899 non
1405 2860 1566 2907 desint,
1598 2859 1674 2911 qui

42 2927 85 2966 80
114 2939 290 2979 quoque
310 2928 381 2967 die
411 2927 456 2966 id
487 2929 725 2978 praestent,
750 2929 881 2979 atque
903 2929 1185 2967 sacrosancto
1207 2926 1502 2965 eucharistiae
1532 2938 1676 2966 sacra-

105 3036 123 3054 a
143 3027 306 3061 Emend.
331 3036 378 3059 eae
409 3026 610 3069 quottidie.
634 3046 671 3049 —
698 3027 716 3053 b
733 3027 816 3059 Del.
846 3028 1025 3069 germani.
1050 3046 1089 3049 —
1113 3036 1127 3053 v
1150 3026 1230 3059 Del.
1260 3026 1413 3067 singuli.
1438 3045 1477 3048 —
1497 3033 1515 3059 d
1538 3026 1673 3060 hebdo-

49 3081 233 3114 madjmus
257 3090 329 3113 ms.
