2099 3516
548 277 629 313 525.
659 298 702 301 —
730 275 887 312 OCANIA
917 275 959 310 14
987 273 1084 309 ΜΑΙῙ
1113 272 1201 308 1561
1573 272 1642 307 313

167 399 215 436 in
243 397 423 447 pluviae
463 397 666 446 generali
702 396 899 446 penuria
942 395 1082 432 Deum
1108 392 1290 443 publica
1321 391 1619 430 obsecratione
1650 393 1689 430 et

166 464 240 501 sui
268 461 570 501 verberatione
594 461 776 511 placare
805 458 1091 498 contendunt.
1123 459 1332 496 [umoris
1374 457 1482 494 socii
1508 450 1689 494 'adhor-

168 527 276 565 tatio
307 528 509 565 omnium
540 527 717 564 animos
746 524 998 563 commovet.
1036 522 1226 561 Carmen
1269 522 1321 560 ab
1353 521 1538 560 alanino
1583 522 1690 559 reci-

168 592 309 630 tatum
339 591 501 629 scholis
531 589 877 629 benevolentiam
901 589 1041 638 parit.
1073 610 1123 614 —
1146 591 1186 625 3.
1208 587 1450 625 Insectatio
1480 587 1529 624 in
1549 587 1691 623 socios

164 656 333 695 sedata,
357 656 480 694 Lites
500 656 780 705 compositae.
806 675 854 680 —
873 657 917 692 4.
940 654 1095 702 Aliqui·
1124 651 1442 702 spiritualibus
1463 651 1690 689 emere-itiis

167 723 346 761 exculti.

142 846 177 884 1.
208 846 237 895 ἦ
268 845 356 884 Ihs.
390 844 481 883 Pax
510 846 552 883 et
582 843 723 895 gratia
754 842 933 887 Christi,
970 844 1050 881 etc.
1090 841 1309 892 [Breviter
1338 854 1383 879 se
1411 841 1691 890 scripturum

61 909 199 961 dicit]
223 909 425 948 Fratrum
446 919 660 948 numerus
681 910 779 958 post
808 907 1060 958 superiores
1089 906 1260 945 litteras
1280 905 1334 943 ad
1358 905 1405 943 P.
1426 904 1474 944 T.
1496 903 1656 942 missas
1678 905 1689 926 ¹

60 974 171 1014 satis
199 976 358 1013 auctus
387 976 475 1013 est:
499 973 752 1024 quindecim
786 983 978 1023 namque
998 971 1071 1010 hic
1092 971 1222 1010 modo
1243 970 1461 1020 degimus,
1493 968 1691 1019 quinque

62 1039 228 1086 Patres,
262 1038 421 1089 reliqui
452 1050 558 1078 uero
588 1040 759 1082 fratres,
791 1049 981 1088 quorum
1012 1036 1145 1086 ijdem
1181 1044 1214 1081 st,
1247 1035 1300 1074 de
1334 1034 1499 1085 quibus
1532 1033 1618 1072 iam
1651 1035 1692 1071 te

60 1104 287 1144 certiorem
320 1103 520 1150 fecimus,
562 1102 818 1142 erudiendis
862 1101 1144 1141 scholasticis
1188 1101 1467 1140 incumbunt.
1515 1098 1692 1149 [Cuncti

60 1171 321 1220 religiosam
341 1171 651 1220 perfectionem
673 1169 909 1218 adquirere
930 1166 1126 1217 curant]
1146 1165 1272 1205 Nunc
1293 1167 1440 1204 autem
1461 1164 1550 1202 duo
1572 1174 1693 1213 prae-

60 1236 272 1284 ceptores,
296 1234 469 1284 expleto
492 1233 769 1284 probationis
790 1232 986 1279 biennio,
1009 1244 1109 1270 cum
1140 1242 1314 1293 semper
1347 1229 1561 1280 optimum
1596 1227 1694 1266 reli-

61 1299 211 1351 giosae
241 1299 359 1339 uitae
388 1299 610 1350 specimen
641 1298 882 1344 dedissent,
901 1297 1065 1348 triplici
1095 1296 1463 1336 scholasticorum
1495 1296 1599 1334 uoto
1616 1293 1692 1332 So-

61 1365 207 1404 cietati
229 1377 276 1404 se
296 1365 576 1404 addixerunt.
602 1364 663 1403 Ex
686 1363 741 1414 ijs
762 1363 910 1404 etiam.
934 1363 1009 1414 qui
1032 1362 1078 1401 in
1100 1362 1267 1401 scholis
1289 1360 1454 1400 nostris
1477 1371 1694 1411 gramma-

62 1429 173 1468 ticae
194 1429 421 1476 insudant,
444 1441 544 1468 cum
566 1429 640 1480 alij
675 1428 1070 1467 Dominicanorum
1094 1427 1349 1466 institutum
1371 1425 1461 1464 sint
1483 1423 1690 1474 amplexi,

62 1493 136 1545 alij
170 1506 275 1533 uero
305 1494 360 1533 ad
391 1493 713 1533 franciscanam
759 1493 1018 1544 religionem
1063 1491 1276 1542 aspirent,
1313 1492 1417 1530 sunt
1452 1489 1580 1528 etiam
1615 1487 1692 1539 qui

62 1559 109 1598 111
130 1561 282 1598 nostra
302 1559 519 1599 Societate
539 1558 714 1598 admitti
736 1560 776 1598 et
797 1558 1049 1597 desiderent
1078 1559 1120 1596 et
1149 1556 1392 1607 efflagitent
1422 1554 1463 1597 ¹³:
1496 1556 1540 1593 at
1562 1553 1694 1593 iustis

61 1624 114 1664 de
142 1624 290 1664 causis
312 1625 510 1663 nondum
531 1624 740 1675 cuiquam
770 1635 922 1663 eorum
953 1634 1213 1662 concessum
1244 1624 1323 1661 est.
1358 1621 1475 1660 Deus
1501 1619 1580 1669 Op.
1608 1619 1689 1657 Ma.

62 1689 138 1740 qui
187 1691 274 1728 tam
310 1689 380 1740 pia
424 1691 527 1729 uota
575 1701 728 1729 eorum
780 1688 1002 1727 mentibus
1050 1687 1289 1738 suggessit,
1336 1698 1416 1725 sua
1460 1683 1694 1724 clementia

63 1754 259 1806 ipsorum
292 1755 410 1794 uotis
439 1754 698 1794 satisfaciat.

142 1820 181 1859 (2.
214 1819 323 1860 Cum
345 1831 489 1859 sermo
512 1820 566 1859 ad
588 1819 880 1859 scholasticos
909 1818 968 1858 sit
997 1818 1221 1869 delapsus,
1255 1816 1415 1856 rationi
1447 1825 1693 1855 consonum

62 1884 254 1931 uidetur,
287 1885 377 1924 Deo
412 1885 603 1931 fauente,
649 1884 898 1924 studiorum
945 1886 1197 1922 nostrorum
1242 1882 1421 1921 reddere
1460 1880 1691 1919 rationem.

64 1949 289 1990 Hactenus
318 1962 415 1989 cum
456 1949 830 1989 confessariorum
878 1949 1059 2000 penuria
1099 1947 1354 1987 scholastici
1385 1945 1529 1985 audiri
1561 1956 1585 1983 3
1617 1944 1696 1982 Ρ3-

62 2015 206 2055 tribus
237 2015 419 2054 minime
448 2018 644 2066 possent,
692 2014 880 2054 maiores
924 2014 1182 2065 praesertim
1221 2014 1344 2055 113111,
1376 2014 1418 2051 31
1447 2011 1502 2050 ab
1532 2009 1695 2060 studijs

62 2082 104 2120 et
132 2092 155 2119 3
188 2080 369 2120 uirtutis
409 2080 482 2120 uia
520 2080 851 2131 aliquantulum
895 2079 1243 2123 declinauerant,
1289 2077 1362 2117 sed
1405 2078 1637 2127 postquam
1669 2085 1695 2112 a

65 2145 193 2185 Patre
223 2145 496 2185 Prouinciali
525 2147 540 2169 ²
571 2145 676 2184 huic
706 2145 859 2184 morbo
889 2144 1090 2183 adhibita
1120 2142 1341 2182 medicina
1365 2144 1445 2187 est,
1469 2141 1529 2180 ita
1552 2150 1695 2178 mores

64 2212 308 2259 mutarunt,
342 2213 390 2250 ut
418 2211 473 2250 ad
504 2210 743 2262 pristinum
789 2212 954 2249 statum
998 2221 1074 2248 eos
1118 2209 1303 2259 rediJsse
1346 2207 1535 2246 credam.
1582 2204 1695 2244 Sunt

63 2275 224 2315 etenim
258 2276 399 2315 bonae
429 2276 610 2321 indolis,
642 2278 684 2315 et
712 2275 789 2326 qui
820 2275 948 2314 facile
977 2286 1001 2313 a
1024 2274 1149 2324 uitijs
1178 2272 1457 2313 confessione
1487 2281 1697 2310 reuocan-

64 2343 150 2389 tur,
183 2353 263 2381 nec
292 2341 448 2392 iniquo
482 2341 633 2381 animo
676 2353 767 2380 non
809 2341 953 2380 solum
999 2339 1192 2391 singulis
1238 2337 1466 2377 mensibus
1508 2334 1697 2375 crimina

63 2406 334 2446 confessario
364 2407 584 2458 aperiunt,
616 2418 747 2458 quem
777 2417 926 2445 amore
958 2406 1288 2456 prosequuntur
1326 2414 1502 2452 magno,
1540 2411 1695 2440 uerum

65 2483 195 2523 saepe
232 2473 431 2512 crebrius
474 2472 713 2511 confitendi
758 2471 934 2510 ueniam
966 2483 991 2509 3
1026 2469 1252 2521 magistris
1295 2469 1554 2519 exposcunt,
1602 2465 1696 2504 Hoc

64 2548 203 2576 unum
248 2537 449 2584 referam,
494 2537 612 2588 quod
643 2537 689 2575 in
719 2538 808 2575 tam
840 2538 989 2575 tenera
1030 2537 1172 2574 aetate
1215 2531 1599 2573 commendatione
1633 2529 1697 2568 di-

65 2613 202 2652 gnum
233 2602 411 2641 uidetur
439 2602 630 2641 maxime
659 2613 769 2641 esse.
803 2600 913 2641 Cum
945 2600 1155 2640 uniuersa
1188 2599 1275 2638 fere
1306 2597 1523 2648 Hispania
1556 2597 1620 2645 (ut
1640 2594 1696 2633 ab

65 2666 168 2717 alijs
198 2669 238 2706 te
276 2667 364 2705 iam
407 2667 610 2718 suspicor
652 2666 894 2717 accepisse)
941 2668 1118 2716 propter
1163 2664 1342 2715 pluuiae
1386 2661 1617 2713 penuriam
1648 2659 1695 2698 in

128 2851 144 2869 a
176 2843 258 2875 Del.
283 2852 452 2884 quorum.
478 2862 517 2864 —
541 2843 558 2868 h
591 2842 716 2874 Prius
739 2842 951 2874 desiderant
976 2842 1012 2873 et
1034 2841 1257 2882 efflagitant.

130 3013 139 3029 ¹
162 3010 255 3043 Vide
278 3019 312 3051 p.
337 3011 377 3042 67
401 3019 480 3051 sqq.

129 3066 140 3083 2
163 3063 200 3096 P.
227 3063 412 3095 Antonius
436 3063 565 3095 Araoz.
