2099 3516
419 241 489 276 392
887 241 1091 277 LITTERAE
1125 241 1469 286 QnAanEsmms

373 358 484 398 tium
513 358 676 398 animis
706 370 866 409 magna
896 359 1027 398 fuerit
1054 359 1291 406 exultatio,
1316 360 1361 397 at
1380 358 1485 409 quia
1514 358 1692 397 Domini
1722 358 1882 397 festum
1903 359 1985 406 est,

373 423 459 473 ipsi
503 423 602 462 laus
643 425 686 463 et
713 424 855 462 honor
896 423 968 471 sit,
1013 423 1090 473 qui
1137 435 1308 474 semper
1354 435 1598 474 pauperum
1640 424 1707 462 est
1734 422 1911 474 adjutor
1938 422 1986 462 in

372 487 750 538 oportunitatibus
771 490 798 526 1.
822 487 906 527 Sed
927 499 982 527 ne
1005 488 1157 527 videar
1184 488 1334 528 omnia
1364 487 1563 538 generice
1591 499 1810 536 enarrare,
1833 487 1983 538 aliqua

373 552 487 592 scitu
517 552 651 603 digna
681 552 910 603 speciatim
939 553 1133 603 tangam.
1166 552 1231 592 Sit
1260 564 1364 603 ergo
1392 552 1607 603 primum:
1639 552 1853 602 templum
1885 562 1987 590 nos-

373 618 488 656 trum
519 616 579 655 ita
608 618 814 656 ornatum
852 628 962 665 esse,
998 619 1041 657 vt
1069 618 1267 657 omnium
1310 617 1451 656 oculis
1494 616 1628 656 nimis
1671 617 1845 667 gratum
1887 627 1989 666 apa-

373 681 508 727 reret3
540 680 644 730 quia
679 680 930 730 pendebant
958 680 1004 720 in
1033 681 1130 732 ipso
1159 693 1212 720 ex
1240 681 1360 732 omnj
1393 682 1514 731 parte
1555 680 1746 719 tentoria
1774 679 1891 719 versi
1919 690 1989 718 co-

372 744 480 784 loris
508 744 631 796 [sies.
664 744 818 784 Maiori
856 756 981 784 sacro
1011 757 1124 785 vnus
1153 758 1206 785 ex
1234 746 1398 785 nostris
1427 745 1548 784 dedit
1575 756 1767 795 operam,
1812 743 1988 783 diaconi

371 821 475 848 vero
504 809 592 848 duo
621 820 674 848 ex
702 809 928 849 canonicis
958 810 1138 849 maioris
1167 811 1401 857 basilicae;
1446 810 1672 849 auditores
1701 809 1778 860 qui
1808 808 1987 847 adfuere

371 873 584 922 contioni,
616 885 749 924 quam
779 885 894 914 Vnus
914 886 967 914 ex
987 875 1151 914 nostris
1180 875 1290 914 satis
1310 887 1360 914 ac
1379 874 1489 914 satis
1517 874 1726 913 omnibus
1756 872 1987 924 perutilem

372 938 487 986 fecit,
519 938 788 978 excedebant
825 950 1023 988 numerO,
1056 939 1118 979 ita
1146 942 1193 979 vt
1222 940 1343 990 ipsos
1374 939 1446 978 vix
1474 940 1649 989 caperet
1676 937 1874 977 ecclesia.
1907 937 1988 976 Ve-

372 1004 533 1042 nerunt
579 1004 774 1053 preterea
816 1005 905 1042 tam
949 1004 1076 1043 multi
1107 1016 1159 1043 ex
1201 1003 1511 1043 ecclesiasticis
1559 1002 1774 1042 maiorum
1820 1001 1986 1050 edium,

371 1079 505 1118 quam
534 1079 586 1106 ex
628 1068 930 1107 sacerdotibus
973 1069 1158 1108 duarum
1206 1068 1552 1119 parrochiarum,
1588 1067 1641 1106 de
1670 1079 1856 1118 quarum
1900 1077 1988 1104 vna

371 1143 537 1182 organa
565 1134 751 1179 traxere,
782 1134 838 1172 ob
858 1133 985 1172 cuius
1015 1133 1202 1184 gratiam
1232 1133 1413 1172 maioris
1432 1132 1585 1183 templi
1607 1131 1750 1171 adfuit
1769 1131 1988 1170 citharoe-

371 1196 469 1244 dus,
501 1196 577 1247 qui
608 1196 669 1236 ita
697 1198 896 1237 suauiter
933 1198 1224 1237 citharizabat
1251 1203 1265 1221 ³¹
1300 1199 1348 1236 vt
1376 1197 1653 1237 audient‘um
1683 1196 1857 1236 animos
1897 1195 1984 1234 fere

371 1260 418 1299 in
447 1261 634 1300 extasim
664 1263 852 1309 teneret;
885 1274 963 1301 nec
993 1262 1169 1301 defuere
1203 1262 1278 1314 alij
1310 1274 1387 1301 sex
1416 1262 1609 1312 predicte
1651 1260 1860 1300 ecclesiae
1888 1271 1989 1299 can—

370 1327 510 1373 tores:
542 1328 585 1365 et
613 1326 731 1377 quod
769 1327 851 1366 hac
881 1327 927 1365 in
957 1339 1001 1366 re
1031 1327 1172 1376 magis
1219 1327 1491 1366 stimandum
1541 1325 1988 1377 perpendendumque

370 1392 565 1441 apparet,
597 1391 680 1430 hos
709 1403 861 1430 omnes
882 1391 1020 1442 gratis
1040 1403 1090 1431 ac
1111 1392 1408 1431 libentissimo
1437 1392 1587 1430 animo
1612 1390 1861 1430 aduenisse.
1886 1390 1989 1428 Pro-

369 1454 501 1503 cesio,
533 1467 618 1505 que
647 1456 765 1495 domi
796 1456 913 1506 apud
944 1468 1025 1495 nos
1056 1457 1168 1495 facta
1198 1458 1277 1503 est,
1302 1468 1377 1507 per
1395 1458 1651 1496 consuetam
1681 1457 1851 1506 portam
1882 1453 1989 1493 exiit

370 1520 511 1562 foras:
558 1520 675 1559 viam
718 1533 851 1571 quam
894 1521 1227 1560 sanctissimum
1263 1520 1331 1560 Xfi
1357 1533 1516 1572 corpus
1561 1520 1830 1571 pertransiit,
1876 1519 1987 1558 mira

370 1584 581 1623 varietate
612 1585 780 1635 pictura
810 1586 1058 1634 decorabat,
1091 1586 1137 1625 in
1167 1598 1255 1637 qua
1283 1588 1408 1625 erant
1435 1586 1608 1634 altaria,
1641 1585 1687 1624 in
1716 1585 1880 1636 quibus
1910 1583 1989 1623 ali-

370 1649 635 1700 quantulum
665 1650 936 1689 sanctissimi
967 1650 1035 1690 X.i
1060 1662 1220 1701 corpus
1250 1652 1518 1690 morabatur.
1560 1650 1755 1689 Tandem
1785 1648 1987 1700 peruenit

370 1714 425 1753 ad
446 1716 647 1753 nostrum
677 1715 829 1765 templi
859 1716 1011 1764 altare,
1035 1716 1109 1755 vbi
1130 1728 1228 1755 cum
1261 1716 1452 1755 maxima
1481 1715 1732 1755 animorum
1761 1714 1988 1753 alacritate

370 1779 425 1818 ad
446 1779 621 1818 laudem
642 1781 684 1818 et
704 1780 892 1830 gloriam
921 1780 1239 1831 omnipotentis
1267 1781 1346 1820 Dei
1368 1783 1568 1820 nostrum
1599 1780 1795 1819 solemne
1826 1779 1986 1817 festum

370 1843 501 1882 finem
531 1844 738 1883 obtinuit.
773 1844 952 1895 [Preces
974 1847 1189 1896 postulat,
1222 1859 1271 1885 ac
1300 1845 1545 1897 valedicit]

476 1909 705 1948 Palantiae
734 1911 857 1948 sexto
886 1910 1093 1949 calendas
1124 1910 1331 1961 Augusti.

476 1974 686 2013 Minimus
716 1974 762 2013 in
792 1975 869 2014 X.0
896 1975 1033 2015 filius.

1260 2088 1574 2128 FERDmANDUS
1604 2088 1814 2127 ALVAREZ
1843 2089 1872 2138 †
1900 2089 1930 2127 ².

430 2373 447 2391 a
468 2364 693 2397 zitaredus...
719 2365 938 2397 zitarizabat
961 2374 1031 2397 ms.

432 2543 440 2559 ¹
465 2541 515 2573 Cf.
541 2541 599 2574 Ps.
624 2542 684 2577 ΙΧ,
711 2542 760 2575 10,

431 2596 442 2613 “
465 2594 556 2626 Vide
580 2604 613 2636 p.
641 2595 710 2627 174.
