2099 3516
402 257 472 294 508
873 254 1076 290 LITTERAE
1113 251 1457 295 QUADRIMESTRES

356 374 521 415 nostris
558 372 918 418 familiaritatem,
962 380 1151 422 quocum
1181 367 1233 406 de
1263 366 1395 405 rebus
1438 363 1612 403 animae
1641 373 1748 402 suae
1776 360 1973 400 conferre

355 440 491 479 libere
522 438 673 490 possit,
706 438 955 488 frequenter
983 432 1338 483 consequeretur.

434 504 500 543 37.
535 503 614 542 l-Iis
656 503 804 553 itaque
847 499 1074 550 exemplis,
1120 508 1174 536 ne
1218 493 1463 534 leuioribus
1510 490 1790 531 recensendis
1833 499 1974 539 aequo

356 569 498 609 simus
529 567 804 619 prolixiores,
827 564 1003 605 abunde
1032 562 1141 602 satis
1170 561 1385 611 quantum
1417 557 1633 608 suspicor,
1664 555 1852 601 constat,
1880 551 1975 592 R.de

357 633 594 672 admodum
639 631 686 670 in
729 630 858 671 Chro.
892 629 957 676 P.,
990 628 1155 679 quanta
1185 635 1282 663 eum
1314 621 1582 662 exaltatione
1625 618 1820 659 nominis
1850 616 1975 657 IESV

358 709 408 736 ac
437 697 738 748 proximorum
768 695 913 734 fructu
942 691 1179 742 collegium
1209 689 1292 728 hoc
1321 687 1577 738 opinionem
1606 694 1816 735 spemque
1845 683 1898 722 de
1931 693 1977 721 se

358 761 618 801 concitatam
642 762 832 806 tueatur,
855 761 897 798 et
922 756 1235 797 authoritatem
1260 752 1484 798 maiorem,
1508 749 1751 789 vberiorem
1773 746 1975 798 gratiam,

360 838 449 865 non
479 827 569 865 tam
598 825 699 873 sibi,
731 835 864 875 quam
895 820 1117 867 Societati,
1150 828 1404 868 comparare
1434 815 1623 854 studeat.

439 890 504 930 38.
534 889 682 929 Dicam
722 888 793 927 hic
834 887 966 926 etiam
1010 884 1127 935 quod
1158 883 1245 921 fere
1276 881 1443 920 fueram
1473 879 1655 925 oblitus,
1686 876 1815 916 initio
1844 875 1980 914 huius

361 953 698 1005 quadrimestris
727 952 902 991 relictos
928 963 953 989 a
974 951 1101 989 Patre
1127 948 1305 986 Rectore
1336 945 1472 984 fuisse
1494 942 1743 994 Tyrnauiae
1764 941 1814 980 D.
1832 938 1980 990 Seydll

361 1030 411 1058 ac
455 1018 731 1057 Anthonium
779 1016 1034 1061 Flandrum,
1075 1015 1124 1052 ut
1170 1010 1397 1050 mittendis
1444 1008 1559 1048 circa
1605 1007 1736 1046 finem
1779 1003 1981 1045 Octobris

363 1083 567 1134 proximi,
599 1094 689 1121 non
732 1084 820 1121 tam
850 1080 1055 1131 pararent
1084 1078 1244 1123 locum,
1276 1086 1407 1126 quam
1438 1074 1642 1124 paratum
1680 1069 1978 1121 disponerent.

363 1149 520 1187 Postea
550 1159 656 1186 uero
686 1146 872 1185 missum
902 1144 1039 1183 fuisse
1061 1142 1275 1185 Palmam,
1299 1139 1375 1190 qui
1406 1138 1498 1177 illic
1528 1138 1676 1188 ageret
1695 1146 1862 1174 cocum.
1887 1132 1981 1181 Qua

363 1225 416 1251 ex
446 1224 490 1251 re
519 1212 646 1259 illud,
678 1211 833 1250 diuina
862 1209 1018 1260 gratia,
1046 1207 1248 1246 effectum
1279 1206 1358 1251 est,
1394 1205 1440 1243 ut
1468 1204 1587 1241 totus
1617 1200 1808 1251 populus
1837 1200 1983 1249 tyrna-

364 1277 533 1318 uiensis
575 1288 737 1327 magno
779 1277 1031 1314 nostrorum
1072 1273 1273 1311 teneatur
1301 1267 1546 1319 desyderio.
1580 1266 1738 1305 Mirum
1768 1265 1834 1303 est
1863 1262 1983 1301 dictu

364 1345 530 1393 quanta
560 1342 617 1381 sit
646 1340 776 1380 nobis
797 1339 913 1389 apud
936 1337 1149 1389 populum
1179 1335 1322 1380 illum,
1345 1333 1528 1383 eiusque
1550 1330 1720 1369 vicinos
1750 1327 1984 1368 conciliata

365 1407 521 1458 gratia,
549 1407 802 1457 quantaque
823 1402 1070 1443 authoritas
1090 1401 1366 1450 comparata3
1401 1397 1558 1448 partim
1580 1393 1805 1446 doctor[is]
1828 1391 1984 1443 Seydel

366 1470 632 1523 gratissimis
663 1469 742 1509 toti
771 1469 942 1508 ciuitati
972 1466 1270 1513 contionibus,
1318 1463 1476 1513 partim
1517 1460 1746 1507 modestia,
1779 1458 1986 1497 aliarum-

366 1548 451 1587 que
473 1536 684 1575 virtutum
715 1533 938 1584 insignijs.
962 1543 1074 1582 quae
1104 1531 1148 1569 in
1180 1528 1345 1568 nostris
1374 1527 1592 1571 relucent;
1616 1524 1776 1575 partim
1798 1520 1983 1571 Antonij

367 1600 655 1645 lectionibus3
680 1598 870 1638 maxime
900 1609 1019 1643 uero,
1043 1596 1174 1634 rebus
1204 1593 1309 1642 illis,
1342 1604 1454 1643 quae
1486 1591 1555 1630 uel
1586 1590 1630 1628 in
1661 1590 1744 1628 hoc
1773 1588 1987 1638 geruntur

367 1665 568 1715 collegio,
600 1676 711 1715 quas
741 1665 869 1702 notas
898 1662 1061 1700 habent
1094 1660 1177 1699 uiri
1209 1659 1274 1697 illi
1306 1657 1426 1703 boni,
1458 1656 1530 1695 uel
1560 1656 1613 1694 (le
1642 1654 1810 1699 eodem,
1847 1652 1987 1702 deque

368 1732 459 1769 tota
488 1729 704 1769 Societate
735 1727 899 1778 passim
929 1727 1214 1776 sparguntur,
1238 1725 1287 1762 ut
1317 1722 1444 1761 facile
1465 1721 1569 1760 hinc
1590 1719 1648 1758 sit
1668 1729 1842 1768 sperare
1862 1715 1987 1755 breui

370 1805 575 1845 magnam
597 1793 720 1832 illius
742 1791 893 1842 populi
924 1791 977 1829 ad
1008 1789 1220 1840 optimam
1252 1789 1441 1826 mentem
1463 1787 1595 1835 atque
1616 1785 1787 1834 frugem
1808 1792 1989 1821 conuer-

369 1859 554 1898 sionem.
587 1858 705 1896 Haec
734 1857 824 1896 sint
853 1855 962 1894 satis
991 1855 1043 1893 de
1074 1854 1159 1904 pijS
1191 1854 1443 1892 nostrorum
1473 1849 1632 1900 officijs
1661 1860 1711 1887 ac
1744 1848 1797 1886 de
1826 1845 1986 1891 fructu,

370 1935 497 1974 quem
544 1923 645 1961 indo
688 1922 743 1960 ad
786 1920 1011 1971 proximos
1040 1929 1270 1957 emanasse
1314 1916 1539 1955 nouimus.
1573 1915 1664 1952 Iam
1708 1923 1810 1951 vero
1848 1921 1989 1961 pauca

370 1988 553 2027 alterius
583 1986 771 2037 generis,
804 1984 980 2036 pietatis
1010 1986 1153 2022 tamen
1187 1982 1487 2027 monumenta,
1519 1978 1793 2030 adijciemus.

449 2052 513 2091 39.
546 2051 638 2091 Sub
668 2050 777 2101 ipsis
806 2047 1143 2100 quadrimestris
1174 2047 1308 2086 huius
1339 2045 1496 2095 initijS,
1529 2055 1619 2082 non
1649 2045 1738 2081 tam
1768 2038 1989 2090 impetrati

371 2119 490 2159 sunt,
522 2127 654 2166 quam
686 2115 801 2154 ultro
824 2114 911 2153 fere
932 2125 956 2152 a
978 2113 1066 2152 ΜΕ
1103 2122 1305 2151 caesarea
1336 2109 1466 2149 nobis
1495 2107 1648 2154 oblati,
1670 2105 1825 2145 floreni
1854 2103 1992 2143 octin-

372 2181 491 2232 genti
535 2181 790 2226 rhenenses‚
822 2178 986 2229 quibus
1028 2177 1111 2215 hoc
1153 2186 1271 2214 anno
1315 2175 1555 2213 viennense
1598 2170 1832 2221 collegium
1866 2168 1992 2207 iuua-

372 2248 506 2285 retur.
539 2244 664 2283 Hanc
693 2243 875 2282 eandem
907 2253 1125 2280 summam
1155 2240 1525 2289 octingentorum,
1558 2239 1607 2276 ut
1636 2235 1885 2280 minimum,
1914 2232 1992 2271 flo-

373 2321 595 2353 renorum,
627 2319 773 2347 annue
817 2306 946 2346 nobis
990 2306 1246 2345 adiunctum
1280 2304 1349 2349 iri,
1382 2303 1433 2342 ad
1468 2302 1588 2341 mille
1617 2301 1844 2345 ducentos,
1880 2308 1993 2348 quos

373 2374 504 2414 annis
534 2373 725 2424 singulis
754 2372 896 2422 ipsius
925 2382 1128 2410 caesarea
1158 2370 1267 2408 ΜΝΞ
1298 2371 1426 2407 antea
1456 2367 1560 2407 huic
1589 2365 1833 2405 donauerat
1860 2362 1993 2402 colle-

375 2439 462 2490 gio,
488 2438 765 2478 vehementer
785 2436 1078 2486 suspicamur.
1104 2434 1184 2473 His
1214 2433 1423 2472 omnibus
1452 2431 1607 2471 ssoreni
1628 2430 1731 2469 item
1754 2429 1994 2467 rhenenses

375 2504 496 2543 mille
525 2501 662 2542 additi
693 2503 812 2549 sunt,
835 2500 999 2551 quibus
1029 2499 1194 2538 fabrica
1224 2497 1363 2537 nostri
1393 2496 1584 2547 collegij,
1615 2493 1847 2546 praeterito
1876 2502 1994 2530 anno

375 2568 564 2618 incepta,
595 2577 767 2606 sumere
811 2565 1131 2604 incrementum
1163 2562 1334 2614 [possit]
1375 2569 1407 2601 a.
1453 2561 1614 2600 Verum
1655 2559 1726 2598 his
1768 2558 1820 2597 de
1863 2557 1995 2595 rebus

375 2633 586 2683 scriptum
618 2633 748 2670 antea
778 2630 828 2669 R.
862 2630 909 2668 P.
943 2629 990 2668 T.
1024 2628 1162 2667 fuisse
1196 2627 1411 2677 suspicor.

455 2697 519 2736 40.
557 2694 738 2746 Collegij
785 2694 888 2734 item
932 2692 1232 2744 tyrnauiensis
1278 2691 1470 2730 fabricae
1501 2690 1625 2729 R.¹11¹¹S
1655 2685 1992 2739 strygoniensis,

376 2763 627 2801 nostrorum
648 2771 782 2799 suasu
806 2757 1121 2809 poecuniarum
1152 2756 1371 2807 imprimis
1399 2766 1526 2806 opem
1556 2753 1661 2793 huic
1690 2753 1814 2799 tulit;
1837 2749 1995 2790 deinde

377 2826 530 2865 literae
559 2824 759 2864 Caesaris
788 2823 842 2862 ad
873 2821 1180 2873 strygoniense
1209 2821 1469 2871 capitulum,
1501 2821 1543 2858 et
1573 2817 1902 2869 tyrnauiensem
1932 2825 1996 2853 se-

440 3008 458 3027 a
477 2998 557 3031 Hoc
579 3001 650 3031 aut
672 2997 803 3030 simile
825 2997 986 3029 verbnm
1010 2994 1235 3027 desiderari
1262 2994 1430 3026 videtur.
