2099 3516
402 291 464 323 19⁴5
865 290 1067 326 LlTTEHAE
1095 290 1437 333 Qummmmsrmzs

350 408 492 446 minae
514 408 867 458 compunctionis
890 408 1134 451 infundere,
1161 408 1411 458 factumque
1432 410 1497 446 est
1525 420 1599 447 cor
1627 409 1723 458 ejus
1755 411 1962 460 tanquam

347 484 444 511 cera
476 472 722 522 liquescens
753 474 781 515 1,
813 474 853 511 et
887 472 1069 511 feruenti
1101 472 1251 511 dolore
1281 475 1553 511 sacramenta
1589 473 1795 523 suscepit,
1828 475 1963 513 susci-

351 537 498 588 pitque
528 537 798 587 frequentem
831 539 871 575 et
901 538 1067 587 quanto
1102 537 1248 575 carnis
1287 537 1452 586 delitijs
1487 539 1615 576 antea
1644 537 1960 583 oblectabatur,

348 604 469 640 tanto
500 613 615 641 nunc
645 601 839 640 eiusdem
871 601 1018 639 carnis
1047 601 1381 652 castigationem
1416 601 1649 651 exquisitis
1681 602 1963 652 poenitentiis

347 668 564 716 procurat.
603 666 698 704 Fuit
727 667 767 704 et
796 665 977 715 quidam
1010 666 1075 704 vir
1103 666 1155 705 30
1183 677 1325 704 annos
1371 668 1517 708 natus,
1562 666 1637 716 qui
1669 666 1711 705 in
1744 668 1834 705 tota
1876 667 1961 706 vita

347 743 424 770 nec
457 730 748 780 poenitentiae
779 741 857 769 nec
887 729 1181 769 eucharistiae
1212 732 1485 769 sacramenta
1506 733 1781 780 susceperat:
1816 731 1854 770 is
1884 731 1961 770 Dei

346 795 513 835 lumine
562 794 764 844 perfusus
802 806 1016 844 suamque
1047 794 1166 833 velut
1196 794 1411 834 brutalem
1456 794 1591 833 vitam
1635 807 1879 845 agnoscens
1908 796 1960 834 ad

346 861 508 899 fontem
541 861 916 897 sacramentorum
946 858 1102 897 sitiens
1133 859 1335 906 accurrit,
1369 859 1566 909 lauitque
1603 861 1775 909 peccata
1806 871 1885 899 sua
1917 860 1961 898 in

345 924 562 974 sanguine
592 923 708 973 Agni
738 924 768 966 ²,
800 925 1074 962 sacramenta
1105 923 1402 974 suscipiendo,
1437 924 1568 962 Plura
1590 923 1678 962 alia
1699 924 1769 963 his
1798 924 1962 963 similia

349 990 444 1028 [esu
476 988 575 1038 Xpi.
609 988 785 1027 Domini
807 987 947 1026 nostri
969 988 1185 1038 singulari
1210 988 1369 1038 pietate
1398 988 1550 1027 effecta
1582 999 1753 1038 possem
1787 989 1958 1035 referre,

345 1054 419 1093 sed
450 1053 555 1104 quia
584 1064 701 1091 nunc
732 1052 967 1091 memoriae
997 1064 1086 1091 non
1116 1054 1366 1099 occurrunt,
1397 1054 1439 1091 et
1468 1064 1522 1091 ne
1551 1052 1762 1103 epistolae
1785 1053 1963 1092 modum

345 1118 550 1158 excedere
583 1117 744 1164 videar,
776 1117 1063 1167 supersedeo:
1097 1117 1247 1166 qualia
1269 1117 1412 1156 forent
1434 1117 1658 1167 perplures
1688 1117 1960 1163 inimicitiae,

343 1181 605 1222 condonatis
648 1180 841 1231 injuriis,
888 1183 1139 1220 nostrorum
1183 1181 1434 1220 interuentu
1480 1181 1802 1224 reconciliatae,
1843 1183 1884 1220 et
1918 1181 1961 1221 id

344 1258 484 1298 genus
504 1246 606 1293 alia,
629 1257 741 1296 quae
763 1246 881 1284 Deus
902 1246 946 1284 in
969 1245 1178 1284 omnibus
1198 1248 1426 1296 operatur:
1454 1246 1541 1296 lpsi
1564 1246 1706 1284 honor
1733 1247 1774 1284 et
1804 1246 1958 1297 gloria.

424 1312 460 1351 4.
493 1310 715 1360 Quantum
747 1312 893 1349 autem
924 1310 969 1349 in
1000 1310 1094 1349 dies
1124 1312 1287 1349 crescat
1326 1311 1470 1349 bonus
1513 1310 1744 1350 Societatis
1788 1312 1962 1349 nostrae

344 1377 452 1416 odor
481 1376 597 1426 apud
628 1375 885 1414 huiusmodi
917 1375 1165 1422 insulanos,
1197 1377 1498 1425 quantamque
1527 1375 1580 1414 de
1609 1375 1773 1414 nostris
1793 1375 1963 1426 opinio-

345 1453 443 1481 nem
473 1443 727 1490 conceptam
774 1440 962 1479 habeant
997 1451 1165 1489 omnes‚
1200 1440 1408 1490 (exceptis
1438 1440 1659 1491 religiosis
1692 1442 1733 1479 et
1761 1441 1963 1479 ecclesia·

344 1506 466 1546 stiois
496 1518 584 1544 non
615 1517 769 1555 parum
802 1504 930 1544 nobis
974 1505 1163 1555 infestis)
1209 1504 1310 1555 quis
1352 1505 1605 1544 enarrabit?
1648 1505 1884 1544 Testantur
1918 1505 1959 1544 id

343 1570 635 1610 communiter
677 1582 830 1609 omnes
859 1570 912 1608 ad
945 1572 1120 1609 nostros
1149 1570 1454 1621 confugientes
1497 1570 1543 1609 in
1585 1570 1680 1609 suis
1717 1570 1959 1617 laboribus,

343 1635 579 1686 angustijs,
625 1634 964 1674 necessitatibus
994 1646 1042 1673 ac
1073 1635 1318 1685 scrupulis;
1364 1635 1472 1674 adeo
1518 1637 1565 1674 ut
1606 1647 1702 1674 cum
1736 1634 1781 1673 in
1811 1635 1962 1685 aliquo

343 1700 493 1745 dubio,
526 1699 621 1739 siue
651 1699 937 1738 tribulatione
968 1701 1217 1745 versantur,
1263 1711 1341 1749 pro
1385 1711 1565 1740 recursu
1607 1700 1660 1738 ad
1698 1702 1872 1738 nostros
1902 1700 1962 1738 fa-

342 1765 498 1804 ciendo
527 1764 670 1803 dicere
699 1764 893 1803 soleant:
931 1779 950 1798 «
982 1764 1133 1803 Patres
1172 1764 1281 1803 istos
1310 1767 1486 1803 sanctos
1528 1765 1752 1811 adeamus,
1784 1764 1839 1803 ad
1869 1764 1962 1803 fon-

342 1832 427 1868 tem
463 1828 780 1868 nitidissimum
816 1829 1075 1868 accedamus
1105 1846 1143 1875 »,
1175 1831 1273 1875 etc.,
1306 1829 1436 1879 plane
1465 1830 1688 1868 communi
1721 1840 1824 1868 voce
1855 1841 1961 1867 vna-

343 1894 521 1933 nimiter
550 1893 751 1940 fatentes,
784 1893 1012 1932 minimam
1044 1895 1159 1932 nanc
1189 1893 1449 1933 Societatem
1482 1894 1577 1933 Iesu
1610 1893 1751 1944 ipsius
1795 1894 1961 1932 miseri-

342 1959 488 1998 cordia
522 1958 701 1997 missam
732 1958 778 1996 in
808 1958 921 1996 hane
953 1958 1146 1997 insulam
1177 1958 1232 1997 ad
1262 1958 1534 1997 reducendas
1562 1970 1669 1997 oues
1689 1970 1801 2009 quae
1823 1959 1960 2008 perie-

342 2025 439 2062 rant
461 2025 488 2062 3.
509 2023 745 2062 Testantur
765 2022 895 2061 etiam
916 2023 1120 2061 nonnulli
1142 2034 1193 2062 ex
1214 2022 1374 2062 vicinis
1391 2023 1566 2073 oppidis
1583 2035 1661 2074 pro
1678 2023 1960 2073 suscipiendo

342 2088 638 2138 poenitentiae
668 2089 942 2126 sacramento
973 2088 1026 2126 ad
1058 2099 1139 2126 nos
1169 2087 1407 2127 venientes.
1430 2087 1635 2126 Testatur
1663 2090 1701 2126 et
1734 2088 1776 2126 id
1804 2088 1960 2138 ingens

341 2152 609 2192 desiderium
639 2164 726 2202 quo
764 2152 952 2201 flagrant
995 2164 1148 2191 omnes
1194 2154 1443 2191 nostrarum
1475 2152 1743 2201 scholarum,
1777 2152 1885 2191 adeo
1919 2155 1958 2190 vt

341 2220 382 2257 et
412 2230 463 2256 ex
493 2218 581 2256 alio
612 2218 746 2268 hujus
776 2217 949 2256 insulae
979 2217 1079 2263 tine,
1121 2217 1271 2256 literas
1302 2217 1593 2267 receperimus
1622 2218 1827 2256 certiores
1858 2218 1958 2257 facti

343 2285 519 2332 paratos
549 2282 697 2332 plures
728 2282 851 2320 illinc
872 2282 927 2321 ad
949 2284 1098 2321 nostra
1129 2282 1291 2325 studia,
1319 2282 1388 2320 vbi
1413 2283 1601 2332 primum
1633 2282 1837 2321 inchoata
1870 2285 1958 2322 fue-

342 2347 444 2393 rint,
490 2358 757 2385 accessuros.
805 2346 1010 2385 Testatus
1053 2346 1134 2385 hoc
1179 2346 1293 2384 idem
1338 2348 1401 2385 est
1444 2346 1633 2385 deuotus
1679 2346 1859 2397 quidam
1903 2347 1960 2386 ci-

342 2411 412 2450 uis
442 2418 474 2455 ²¹,
507 2411 581 2461 qui
614 2422 691 2461 pro
722 2411 978 2449 huiusmodi
1012 2411 1198 2449 faciliori
1229 2411 1400 2454 effectu,
1433 2411 1563 2450 nobis
1593 2423 1710 2450 nunc
1744 2412 1959 2451 concessit

340 2476 392 2515 30
421 2487 594 2515 annuos
624 2487 781 2514 aureos
812 2475 828 2500 ὓ
862 2475 1100 2514 donatione
1135 2476 1248 2514 inter
1293 2475 1418 2514 viuos
1460 2476 1690 2515 celebrata.
1724 2476 1960 2516 Testantur

341 2540 522 2590 insuper
555 2540 659 2590 varij
709 2540 828 2578 varia
860 2540 904 2578 in
934 2552 1016 2579 nos
1046 2541 1319 2579 conferentes
1364 2540 1597 2579 beneficia:
1642 2540 1755 2580 duos
1796 2541 1958 2591 quippe

340 2605 498 2643 calices
540 2606 771 2655 argenteos
800 2605 916 2643 dono
960 2604 1125 2643 dudum
1157 2605 1406 2655 accepimus
1435 2607 1473 2643 et
1508 2605 1625 2644 varia
1655 2606 1862 2644 ecclesiae
1892 2618 1958 2644 or-

401 2808 417 2825 a
449 2799 766 2830 Eme(l.e.rciues.
792 2817 830 2820 ἡ
856 2798 872 2823 b
894 2801 978 2838 besl.
1006 2798 1169 2838 aliquos]
1193 2807 1225 2829 ι’.
1251 2798 1405 2838 imperf.
1432 2798 1504 2830 del.

402 2957 411 2973 ¹
436 2955 486 2987 Cf.
513 2955 570 2987 Ps,
596 2955 689 2992 XXI,
717 2956 764 2986 15.

401 3011 413 3027 ‘³
436 3008 486 3041 Cf.
511 3008 668 3040 APOCAL.
694 3007 770 3043 VII,
798 3008 845 3039 14.

401 3064 413 3080 ³
435 3062 485 3093 Cf.
513 3062 597 3093 Luc.
624 3061 698 3096 XV,
724 3062 743 3092 4
766 3070 844 3101 sqq.
