2099 3516
485 299 565 336 584.
591 321 638 326 —-
663 300 883 336 TYRNAVIA
908 299 955 336 30
981 299 1236 336 SEPTEMBRIS
1263 300 1350 335 1561
1621 302 1686 338 581

107 418 404 459 contulerunt.
437 418 581 470 Agros
610 420 757 467 habet,
793 419 869 471 qui
900 418 937 458 si
967 431 994 458 a
1022 418 1153 458 nobis
1200 418 1416 467 colentur,
1466 419 1737 461 frumentum

106 483 187 523 toti
217 483 405 535 collegio
435 483 545 523 forte
575 485 859 536 suppeditare
893 485 1088 535 possent.
1140 483 1353 534 Coeptum
1401 486 1467 523 est
1514 485 1736 525 aedificari

105 547 342 599 collegium
372 548 427 587 ad
459 548 508 587 15
536 549 707 589 calend.
757 549 996 600 Septemb..
1046 560 1125 599 pro
1172 548 1301 588 cuius
1340 548 1485 588 foelici
1516 549 1737 601 principio

107 613 232 653 R.m¹¹S
262 612 623 664 archiepiscopus
653 616 829 654 centum
859 614 1034 653 daleros
1064 613 1331 653 numerauit.
1375 614 1499 653 R.¹¹f¹US
1530 614 1738 666 Transyl-

106 678 277 719 uiensis
305 686 324 705 a
355 679 487 730 paulo
534 682 634 730 post
663 680 775 719 alios
823 679 1120 731 quadraginta
1167 679 1361 730 amplius
1406 679 1649 730 pollicitus.
1686 680 1739 720 Et

106 755 188 783 nos
217 755 270 783 ex
299 743 547 784 redditibus
577 745 757 792 nostris,
789 745 865 796 qui
896 745 1202 796 septingentos
1240 744 1415 784 daleros
1463 756 1639 785 annuos
1668 757 1739 785 ex-

103 808 256 849 cedere
286 811 487 859 possunt,
519 809 714 861 aliquam
751 822 970 849 summam
1018 809 1324 861 expendimus
1375 809 1637 850 Subsidium
1669 810 1738 850 in-

105 885 239 924 super
266 885 367 913 cum
397 876 579 914 senatus
608 875 820 921 ciuitatis.
853 877 945 914 tum
976 874 1053 926 alij
1085 875 1220 914 duces
1249 877 1291 914 et
1319 874 1503 914 comites
1551 875 1737 915 nobilis-

105 938 222 986 simi,
272 938 348 990 qui
397 939 443 978 in
491 940 706 990 proximis
753 940 862 980 locis
909 940 1129 988 habstant,
1176 939 1419 979 liberaliter
1448 940 1735 991 promittunt3

105 1003 335 1055 literisque
365 1003 462 1044 R.mi
490 1005 545 1044 ad
575 1005 659 1044 hoc
689 1005 859 1045 incitati
890 1007 1018 1044 sunt:
1052 1005 1124 1045 his
1156 1005 1366 1045 omnibus
1395 1005 1565 1045 accedit
1593 1017 1740 1046 caesa-

106 1068 237 1121 rea[e]
286 1070 340 1110 Μ.
389 1069 634 1121 singularis
663 1083 713 1110 ac
746 1071 901 1110 diuina
951 1082 1085 1121 prope
1132 1082 1236 1122 erga
1284 1082 1365 1110 nos
1412 1072 1455 1110 et
1501 1071 1737 1123 collegium

106 1136 307 1174 nostrum
339 1135 589 1186 propensio.
624 1136 666 1175 Is
696 1136 821 1175 nullo
853 1136 982 1175 modo
1012 1136 1269 1176 defuturum
1317 1148 1363 1175 se
1411 1136 1516 1176 huic
1550 1137 1739 1189 collegio

106 1199 246 1238 multo
275 1202 378 1238 ante
408 1199 585 1250 recepit,
630 1202 762 1251 atque
796 1200 960 1240 obtulit
980 1199 1013 1245 b.
1046 1213 1188 1252 neque
1217 1203 1360 1240 cessat
1389 1203 1572 1241 senatus
1602 1201 1737 1242 simul

105 1266 147 1303 et
175 1263 360 1315 capituli
391 1277 473 1304 nos
502 1264 760 1304 liberalitati
791 1266 1115 1306 commendare.
1139 1265 1246 1305 Tres
1268 1278 1453 1306 numero
1474 1266 1547 1306 hic
1563 1278 1735 1315 sumus,

106 1329 157 1368 R.
192 1329 238 1369 P.
269 1329 465 1369 ‚Ioannes
494 1329 638 1370 Seidel
685 1342 785 1370 cum
833 1342 937 1370 coco
976 1333 1017 1370 et
1048 1343 1134 1370 vno
1164 1331 1297 1370 tratre
1327 1333 1354 1371 1.
1390 1332 1432 1371 Is
1462 1339 1477 1357 ‘³
1510 1333 1740 1382 praesente

104 1394 251 1434 adhuc
281 1395 331 1434 R.
366 1395 413 1434 P.
446 1394 641 1434 Victoria
672 1395 718 1435 in
748 1396 912 1447 templo
942 1396 1195 1446 germanico
1216 1396 1459 1436 cathedrali
1481 1396 1739 1436 concionem

106 1459 233 1499 iussu
264 1459 356 1500 ΒΨ
385 1460 526 1500 facere
555 1461 722 1512 coepit;
755 1473 889 1512 quam
919 1461 1127 1512 deinceps
1148 1473 1247 1501 cum
1270 1462 1408 1501 altero
1425 1474 1738 1513 germanorum

104 1524 416 1564 concionatore
450 1525 703 1565 alternatim
737 1538 895 1577 magna
917 1526 1149 1565 hominum
1172 1526 1420 1578 frequentia
1442 1528 1740 1577 prosequutus

103 1591 184 1630 est.
221 1590 343 1629 R.¹1¹¹¹S
373 1592 611 1642 antequam
633 1603 658 1630 a
678 1603 882 1631 caesarea
913 1591 967 1631 M.
1001 1594 1311 1640 accerseretur,
1334 1592 1627 1632 concionibus
1642 1591 1741 1632 eius

105 1655 301 1694 assiduis
331 1655 547 1703 interfuit,
579 1656 708 1696 cuius
757 1656 917 1696 iuditio
966 1668 1171 1707 magnam
1204 1657 1379 1696 laudem
1410 1657 1607 1697 Societas
1636 1668 1739 1697 con-

105 1722 256 1760 secuta
285 1722 373 1764 est:
407 1722 594 1760 testatus
623 1721 743 1761 enim
773 1724 839 1761 est
869 1722 915 1761 in
945 1724 1038 1761 tota
1067 1722 1235 1761 ditione
1266 1734 1362 1769 sua,
1393 1722 1469 1774 qui
1503 1723 1592 1762 tam
1614 1722 1741 1762 docte

105 1785 458 1831 concionaretur.
492 1786 673 1837 reperiri
704 1787 943 1827 neminem.
981 1787 1240 1827 Nostrorum
1272 1788 1403 1827 etiam
1428 1787 1600 1827 monitu
1621 1787 1738 1827 idem

107 1851 232 1890 R.¹1¹¹¹S
264 1850 508 1890 haereticos
538 1851 692 1899 libros,
724 1852 801 1903 qui
832 1854 920 1892 tam
952 1852 999 1891 in
1020 1852 1173 1892 schola
1194 1865 1326 1903 quam
1350 1852 1458 1892 alibi
1479 1864 1739 1892 communes

105 1917 224 1963 sunt,
253 1915 299 1955 in
320 1915 467 1967 ignem
491 1916 604 1956 mitti
628 1916 887 1968 imperauit:
914 1929 1102 1968 magnus
1123 1930 1273 1958 eorum
1298 1930 1525 1967 numerus,
1549 1917 1740 1958 maxime

104 1992 205 2021 cum
236 1981 473 2031 Philippus
502 1981 760 2021 Melanthon
810 1982 1034 2022 iuuentuti
1070 1983 1377 2027 scholasticae,
1428 1983 1605 2022 nemine
1635 1982 1742 2022 resi-

105 2048 262 2094 stente,
294 2046 632 2097 praelegeretur.
667 2047 826 2087 Rector
846 2050 952 2088 tunc
972 2048 1151 2088 scholae
1172 2048 1431 2088 dilationem
1453 2048 1582 2099 petth
1602 2048 1742 2088 donec

105 2111 194 2150 alia
222 2111 519 2151 adueheretur
547 2113 850 2163 grammatica,
883 2114 959 2152 sed
991 2126 1079 2153 non
1110 2113 1318 2153 obtinuit.
1370 2113 1561 2153 Senatus
1602 2125 1741 2165 popu-

106 2177 265 2228 lusque
295 2177 495 2227 reliquus
527 2178 717 2218 multum
748 2178 803 2230 ijs
833 2179 1125 2219 concionibus
1173 2179 1380 2219 affec-tus:
1420 2178 1546 2218 testis
1575 2180 1641 2218 est
1670 2179 1742 2219 be-

105 2242 362 2282 neuolentia
392 2254 524 2293 quam
557 2255 644 2282 non
676 2244 863 2284 obscure
911 2244 1042 2284 nobis
1089 2244 1323 2291 exhibent;
1357 2244 1482 2284 testis
1511 2246 1577 2284 est
1607 2243 1738 2284 etiam

106 2309 415 2355 mercatorum,
438 2308 513 2359 qui
536 2308 745 2359 quamuis
766 2321 819 2348 ex
839 2309 1049 2349 omnibus
1070 2309 1184 2349 circa
1212 2310 1461 2349 iacentibus
1482 2309 1740 2361 regionibus

105 2371 161 2411 ad
191 2372 417 2412 nundinas
446 2374 766 2421 confluxerant,
799 2375 1075 2425 approbatio.
1125 2375 1248 2414 Vnus
1287 2375 1405 2414 enim
1436 2386 1488 2414 ex
1519 2374 1610 2414 illis
1639 2386 1740 2414 cum

105 2449 158 2477 ex
188 2437 330 2488 patria
361 2438 406 2478 P.
437 2438 584 2478 Seidel
613 2441 743 2486 esset,
789 2440 1142 2491 quadringentos
1190 2440 1353 2479 taleros
1400 2452 1575 2480 annuos
1623 2440 1739 2480 idem

106 2503 311 2554 promisit
340 2503 377 2543 si
408 2503 588 2543 domum
622 2505 762 2545 redire
794 2505 937 2545 vellet.
972 2506 1097 2545 Alter
1135 2505 1514 2557 norimbergensis
1562 2505 1741 2546 nullum

105 2580 151 2607 se
180 2568 313 2608 talem
345 2569 413 2608 vel
445 2581 593 2620 regum
627 2571 1000 2619 concionatorem,
1034 2572 1102 2611 vel
1132 2572 1263 2611 etiam
1311 2571 1594 2619 monachum.
1626 2583 1742 2622 quos

106 2633 255 2684 plures
285 2634 501 2681 audierat,
534 2635 806 2676 intellexisse
826 2636 859 2676 sl.
893 2637 1070 2676 Vtinam
1104 2637 1217 2677 sicut
1247 2638 1466 2677 haeresim
1486 2639 1529 2677 et
1548 2649 1740 2677 errorem

108 2698 327 2739 mercibus
374 2699 757 2748 circumtulerunt,
808 2701 869 2741 ita
917 2714 1036 2742 nunc
1083 2703 1229 2742 denuo
1270 2703 1497 2742 veritatem
1547 2703 1741 2742 vendant

166 2837 184 2855 a
205 2829 254 2860 In
279 2838 405 2870 mary.
431 2839 556 2862 manu
579 2831 623 2863 P.
650 2831 782 2863 Rethii
813 2832 1181 2873 Transyluaniensis.
1206 2851 1246 2855 —
1271 2832 1288 2859 b
1309 2832 1376 2864 Sic
1407 2841 1478 2865 ms.
1514 2832 1650 2874 Supra
1683 2842 1738 2866 re-

105 2881 203 2923 cepit
227 2884 355 2914 tamen
380 2885 436 2914 est
461 2883 565 2924 sign.
590 2884 626 2919 2:
652 2886 686 2916 et
714 2894 838 2926 supra
865 2885 1003 2917 obtulit
1027 2887 1060 2921 1:
1087 2886 1256 2926 fortasse
1284 2887 1323 2917 ut
1361 2886 1439 2917 Ioco
1471 2887 1736 2918 mutarentur.

105 2953 143 2957 —
168 2943 183 2962 c
203 2934 288 2976 Seq.
313 2934 351 2968 P.
378 2936 449 2968 del.
475 2955 514 2958 —
537 2936 554 2963 d
577 2936 814 2970 Desiderari
836 2938 998 2971 videtur
1020 2938 1237 2978 affirmabat,
1263 2940 1334 2971 aut
1356 2939 1456 2980 qnid
1477 2939 1620 2971 simile.

167 3055 177 3072 ¹
200 3053 302 3094 Quae
325 3055 369 3087 de
392 3056 632 3088 contionibus
670 3056 774 3097 dicit,
800 3057 846 3090 ad
880 3058 917 3090 P.
943 3057 1065 3091 Seidel
1099 3058 1290 3091 referenda
1323 3059 1424 3091 sunt.
1462 3058 1555 3092 Vide
1591 3058 1737 3091 Lainii

104 3106 279 3140 Menum.
304 3107 347 3148 V,
371 3109 444 3141 554.
