2099 3516
446 269 517 306 486
917 269 1122 306 Ll'r'rEflAE
1149 270 1492 314 QUADRIMESTRES

397 399 547 427 sacrae
592 387 869 426 obedientiae
918 387 1232 438 praescriptum
1281 388 1466 436 vrgeret.
1501 386 1740 438 Cupiebam
1770 389 1888 428 enim
1918 401 2013 429 eam

397 452 623 492 certiorem
655 452 834 491 reddere
862 452 915 491 de
944 451 1001 503 ijS
1029 452 1251 498 omnibus,
1283 463 1395 502 quae
1442 454 1538 491 acta
1575 454 1722 492 essent
1750 453 1797 492 in
1826 454 2014 493 concilio

398 517 482 556 hoc
511 516 646 567 (quod
675 516 899 555 nationale
932 516 1112 567 quidam
1143 516 1319 565 uocant)
1351 517 1380 563 1,
1412 517 1455 555 et
1474 516 1521 555 in
1541 517 1763 556 secretiori
1785 517 1900 568 regis
1915 530 2014 558 con-

397 582 515 627 silio,
546 592 717 620 necnon
747 582 789 619 et
818 580 863 619 in
893 582 1049 620 senatu
1080 580 1313 631 parisiensi
1343 580 1458 619 circa
1487 580 1718 620 Societatis
1746 584 1922 622 nostrae
1941 583 2015 622 ad-

399 645 677 691 missionem;
709 645 785 683 sed
814 644 1024 695 quoniam
1055 645 1226 684 tardius
1255 644 1362 683 haec
1408 644 1558 684 omnia
1605 648 1832 696 geruntur,
1881 659 2013 697 quam

396 722 538 751 essem
585 709 840 756 arbitratus,
893 709 1178 760 paucioribus
1225 720 1343 748 nunc
1390 721 1587 760 agemus,
1638 710 1807 762 reliqua
1854 711 2014 751 dicturi

396 774 611 826 proximis
639 773 793 813 literis.

476 840 514 878 02.
547 838 692 889 Atque
739 838 821 877 hoc
868 837 915 877 in
962 838 1116 889 primis
1158 849 1248 877 non
1279 838 1715 888 praetermittendum
1746 841 1865 890 puto,
1897 840 2015 891 quod

397 904 651 943 institutum
680 902 848 942 scilicet
876 904 1076 942 nostrum
1107 914 1383 953 summopere
1431 902 1520 942 Deo
1568 902 1666 954 Opt.
1704 904 1893 943 Maximo
1924 905 2014 955 pla-

396 970 505 1015 ceat,
536 967 744 1018 quoniam
777 967 962 1006 daemon
993 967 1201 1006 omnibus
1247 967 1411 1017 quibus
1460 969 1601 1018 potest
1648 968 1805 1016 modis,
1849 969 2015 1008 efficere

396 1034 583 1072 conatur
611 1043 665 1071 ne
694 1032 777 1070 hoc
807 1031 853 1070 in
882 1043 1032 1082 regno,
1064 1031 1110 1070 in
1139 1043 1227 1082 quo
1256 1032 1321 1070 est
1348 1043 1507 1082 magna
1528 1032 1686 1071 messis
1706 1034 1747 1071 et
1768 1033 1896 1082 pauci
1917 1045 2016 1084 ope-

398 1097 499 1147 rarij
523 1098 537 1120 2
561 1096 704 1147 (pauci
726 1095 844 1135 enim
865 1098 970 1135 sunt
988 1095 1065 1147 qui
1086 1097 1300 1146 quaerant
1320 1107 1385 1143 ea,
1417 1107 1530 1146 quae
1550 1098 1655 1135 sunt
1673 1096 1777 1136 Jesu
1799 1096 1978 1148 Christi)
2001 1098 2014 1121 ³

397 1161 567 1201 radices
596 1161 714 1211 figat.
746 1159 919 1211 Optime
948 1160 1081 1207 Deus,
1113 1162 1219 1211 quot
1267 1160 1400 1199 habet
1446 1160 1518 1199 hic
1565 1160 1786 1200 humanae
1832 1163 2015 1201 naturae

396 1225 606 1265 inimicus
635 1224 862 1271 satellites,
894 1224 971 1274 qui
1000 1224 1097 1264 eius
1126 1236 1309 1275 regnum
1359 1223 1544 1264 dilatare
1591 1226 1828 1276 satagunt?
1875 1225 2015 1275 Quam

398 1301 500 1329 vero
530 1300 694 1339 paucos
723 1287 940 1336 Christus,
972 1288 1049 1339 qui
1078 1288 1174 1327 eius
1203 1288 1497 1327 dominationi
1527 1289 1723 1336 subesse,
1746 1291 1788 1328 et
1807 1289 2015 1329 ecclesiae

396 1353 639 1394 catholicae
668 1353 845 1392 obedire
878 1352 1048 1392 uelint?
1078 1352 1161 1402 Qui
1192 1355 1296 1392 sunt
1315 1365 1367 1392 ex
1388 1353 1493 1400 Deo,
1516 1353 1646 1392 nobis
1666 1353 1819 1404 utique
1839 1354 2013 1401 fauent,

397 1419 474 1469 qui
504 1420 609 1458 sunt
637 1429 689 1457 ex
718 1419 839 1468 parte
870 1418 993 1457 illius
1022 1417 1269 1457 homicidae
1298 1417 1374 1468 qui
1404 1418 1459 1456 ab
1489 1418 1618 1457 initio
1665 1420 1827 1468 peccat,
1863 1419 2016 1458 aduer-

397 1485 567 1522 santur.
599 1481 683 1532 Qui
714 1482 907 1521 instituti
938 1482 1077 1521 nostri
1108 1482 1302 1521 rationes
1332 1483 1510 1529 norunt,
1543 1494 1645 1533 prae
1688 1483 1850 1533 gaudio
1897 1483 2017 1522 exul-

397 1550 507 1594 tant,
538 1547 656 1598 quod
686 1547 807 1586 hisce
836 1546 1109 1597 temporibus
1130 1545 1333 1586 Christus
1354 1546 1571 1586 Dominus
1591 1549 1740 1586 noster
1755 1546 2015 1587 Societatem

396 1613 512 1651 hanc
541 1612 587 1650 in
617 1612 759 1650 lucem
789 1611 1002 1657 eduxerit,
1033 1611 1162 1650 cuius
1191 1611 1438 1650 ministerio
1467 1611 1674 1651 subortae
1695 1612 1899 1651 tenebrae
1920 1612 2016 1651 luce

398 1676 741 1728 perfundanturg
775 1676 804 1727 ij
837 1687 938 1715 vero
986 1687 1174 1726 quorum
1223 1676 1426 1715 infinitus
1455 1677 1520 1715 est
1567 1687 1779 1715 numerus
1808 1679 1837 1724 4,
1869 1678 1911 1716 et
1939 1677 2015 1728 qui

396 1742 590 1793 diligunt
628 1740 770 1792 magis
815 1741 1020 1780 tenebras
1066 1752 1197 1791 quam
1228 1740 1385 1788 lucem,
1418 1742 1466 1779 ut
1494 1752 1584 1780 non
1613 1743 1857 1791 arguantur
1885 1753 2015 1792 opera

396 1818 546 1846 eorum
578 1808 607 1853 ⁵,
640 1806 848 1845 omnibus
877 1805 1042 1853 neruis,
1074 1807 1117 1844 et
1147 1805 1368 1851 manibus,
1404 1807 1452 1845 ut
1481 1805 1622 1853 aiunt,
1655 1805 1928 1857 pedibusque
1948 1817 2017 1845 co-

396 1873 575 1919 nantur,
607 1882 661 1910 ne
690 1870 797 1921 quid
826 1869 1031 1910 Societati
1061 1877 1080 1896 ἃ
1111 1872 1285 1909 nostrae
1315 1870 1536 1909 deferatur
1582 1870 1779 1917 honoris,
1828 1882 1940 1910 neue
1969 1870 2015 1910 in

397 1949 533 1988 regno
563 1937 646 1975 hoc
676 1935 925 1986 recipiatur.
959 1935 1043 1985 Qui
1073 1935 1324 1974 claudicant
1353 1935 1399 1974 in
1430 1935 1528 1982 fide,
1560 1935 1648 1974 imo
1677 1946 1783 1974 uero
1812 1935 1887 1986 qui
1926 1947 2016 1974 non

396 2001 620 2052 ecclipsim
652 2001 797 2047 modo,
829 2012 984 2039 uerum
1031 2000 1283 2039 caecitatem
1334 2000 1576 2050 patiuntur,
1626 2000 2015 2051 antropofagorum

398 2078 518 2105 more
547 2078 628 2105 nos
658 2065 813 2105 libenti
834 2065 983 2104 animo
1004 2077 1093 2104 non
1114 2064 1257 2103 solum
1279 2065 1557 2111 deuorarent,
1580 2065 1653 2103 sed
1676 2066 1717 2103 et
1732 2064 2012 2115 deglutirent.

397 2131 575 2171 Scribae
605 2143 709 2170 uero
739 2133 781 2169 et
813 2129 1031 2180 pharisaei
1063 2130 1155 2180 (qui
1185 2132 1227 2168 et
1256 2129 1505 2169 sanctitatis
1534 2132 1576 2168 et
1604 2129 1814 2168 scientiae
1843 2141 1889 2168 se
1918 2141 2017 2168 nor-

398 2208 515 2235 mam
546 2207 648 2246 prae
677 2195 886 2234 omnibus
915 2193 933 2219 b
964 2194 1125 2233 habere
1154 2194 1440 2244 contendunt)
1491 2206 1579 2233 non
1614 2194 1775 2233 minori
1804 2205 1886 2233 nos
1914 2193 2016 2233 odio

397 2262 742 2311 prosequuntur,
774 2259 1039 2298 arbitrantes
1068 2270 1093 2297 a
1124 2258 1253 2297 nobis
1282 2260 1424 2297 status
1453 2258 1523 2298 sui
1545 2258 1733 2309 pendere
1754 2258 2012 2309 periculum.

397 2325 482 2365 Sed
511 2325 612 2364 licet
641 2324 687 2363 in
717 2323 934 2363 cubiculis
962 2323 1311 2368 obmurmurent,
1344 2334 1516 2362 necnon
1545 2323 1591 2362 in
1621 2323 1910 2362 concionibus
1939 2334 2016 2373 pu·

398 2389 527 2429 blicis
556 2400 891 2440 nonnumquam
920 2388 1090 2439 aliquid
1119 2390 1342 2435 euomant,
1373 2400 1471 2427 cum
1502 2391 1649 2428 tamen
1687 2388 1894 2428 maiorem
1926 2399 2016 2427 car-

397 2454 617 2494 dinalium
647 2456 830 2505 partem,
862 2453 1077 2504 plurimos
1106 2452 1182 2503 qui
1213 2455 1317 2491 sunt
1345 2464 1397 2492 ex
1427 2453 1650 2492 secretiori
1675 2453 1862 2492 consilio
1883 2452 2013 2503 regiS,

398 2519 596 2570 reginam
644 2520 843 2565 matrem,
892 2519 933 2557 et
979 2528 1209 2568 supremae
1255 2517 1402 2556 curiae
1445 2517 1686 2557 nonnullos
1715 2517 1938 2568 praesides
1966 2528 2017 2556 ac

460 2687 478 2705 a
498 2678 658 2710 Emend.
683 2687 729 2709 ea:
752 2676 961 2710 societatis.
986 2694 1025 2698 —
1047 2675 1066 2702 b
1086 2675 1167 2708 Del.
1194 2685 1243 2708 se.

462 2827 473 2844 ¹
495 2825 701 2858 Concilium
724 2825 770 2858 ad
792 2824 922 2866 Poissy
945 2824 1220 2865 congregatum.

460 2881 474 2898 ²
496 2878 547 2911 Cf.
572 2878 727 2918 MATTH„
752 2878 812 2918 IX,
837 2879 889 2911 37.

461 2934 475 2952 ³
496 2931 547 2964 Cf.
572 2932 724 2971 Pamin,
748 2931 793 2970 ΙΙ,
817 2932 868 2964 21.

459 2986 474 3004 ⁴
496 2985 547 3018 Cf.
572 2985 710 3024 EGCLE„
735 2985 762 3024 Ι,
789 2985 838 3017 15.

460 3040 474 3058 ⁶
496 3038 547 3071 Cf.
572 3037 712 3078 IOANN„
737 3037 799 3077 III,
823 3038 874 3070 20.
