<?xml version="1.0" encoding="UTF-8"?>
<!DOCTYPE html PUBLIC "-//W3C//DTD XHTML 1.0 Transitional//EN"
    "http://www.w3.org/TR/xhtml1/DTD/xhtml1-transitional.dtd">
<html xmlns="http://www.w3.org/1999/xhtml" xml:lang="en" lang="en">
 <head>
  <title>
</title>
<meta http-equiv="Content-Type" content="text/html;charset=utf-8" />
  <meta name='ocr-system' content='tesseract 3.04.00' />
  <meta name='ocr-capabilities' content='ocr_page ocr_carea ocr_par ocr_line ocrx_word'/>
</head>
<body>
  <div class='ocr_page' id='page_1' title='image "./litteraequadrime19lain_0499.png"; bbox 0 0 2099 3516; ppageno 0'>
   <div class='ocr_carea' id='block_1_1' title="bbox 510 260 1702 299">
    <p class='ocr_par' dir='ltr' id='par_1_1' title="bbox 510 260 1702 299">
     <span class='ocr_line' id='line_1_1' title="bbox 510 260 1702 299; baseline -0.001 0"><span class='ocrx_word' id='word_1_1' title='bbox 510 262 590 299; x_wconf 80' lang='lat'>565.</span> <span class='ocrx_word' id='word_1_2' title='bbox 616 283 662 288; x_wconf 87' lang='lat'>—</span> <span class='ocrx_word' id='word_1_3' title='bbox 688 262 909 298; x_wconf 74' lang='lat' dir='ltr'>MoNAcmo</span> <span class='ocrx_word' id='word_1_4' title='bbox 936 260 952 297; x_wconf 91' lang='lat'>1</span> <span class='ocrx_word' id='word_1_5' title='bbox 982 261 1238 298; x_wconf 67' lang='lat' dir='ltr'>Ssspmussms</span> <span class='ocrx_word' id='word_1_6' title='bbox 1267 261 1356 297; x_wconf 79' lang='lat'>1561</span> <span class='ocrx_word' id='word_1_7' title='bbox 1632 261 1702 298; x_wconf 76' lang='lat'>473</span> 
     </span>
    </p>
   </div>
   <div class='ocr_carea' id='block_1_2' title="bbox 117 378 1753 2903">
    <p class='ocr_par' dir='ltr' id='par_1_2' title="bbox 119 378 1751 1264">
     <span class='ocr_line' id='line_1_2' title="bbox 120 378 1750 430; baseline -0.001 -9"><span class='ocrx_word' id='word_1_8' title='bbox 120 380 286 429; x_wconf 90' lang='lat' dir='ltr'>omnia,</span> <span class='ocrx_word' id='word_1_9' title='bbox 318 380 365 421; x_wconf 93' lang='lat' dir='ltr'>in</span> <span class='ocrx_word' id='word_1_10' title='bbox 393 381 612 421; x_wconf 86' lang='lat' dir='ltr'>hereticos</span> <span class='ocrx_word' id='word_1_11' title='bbox 641 380 798 421; x_wconf 79' lang='lat' dir='ltr'>incidit</span> <span class='ocrx_word' id='word_1_12' title='bbox 826 379 1093 420; x_wconf 80' lang='lat' dir='ltr'>catechistas</span> <span class='ocrx_word' id='word_1_13' title='bbox 1125 387 1158 427; x_wconf 73' lang='lat'>³²,</span> <span class='ocrx_word' id='word_1_14' title='bbox 1190 391 1215 419; x_wconf 90' lang='lat' dir='ltr'>a</span> <span class='ocrx_word' id='word_1_15' title='bbox 1245 379 1411 430; x_wconf 90' lang='lat' dir='ltr'>quibus</span> <span class='ocrx_word' id='word_1_16' title='bbox 1444 381 1487 419; x_wconf 88' lang='lat' dir='ltr'>et</span> <span class='ocrx_word' id='word_1_17' title='bbox 1516 378 1750 420; x_wconf 85' lang='lat' dir='ltr'>institutus</span> 
     </span>
     <span class='ocr_line' id='line_1_3' title="bbox 121 443 1750 496; baseline -0.001 -10"><span class='ocrx_word' id='word_1_18' title='bbox 121 448 164 486; x_wconf 88' lang='lat' dir='ltr'>et</span> <span class='ocrx_word' id='word_1_19' title='bbox 191 445 368 485; x_wconf 91' lang='lat' dir='ltr'>demum</span> <span class='ocrx_word' id='word_1_20' title='bbox 398 447 464 485; x_wconf 92' lang='lat' dir='ltr'>est</span> <span class='ocrx_word' id='word_1_21' title='bbox 493 446 756 496; x_wconf 89' lang='lat' dir='ltr'>baptizatus.</span> <span class='ocrx_word' id='word_1_22' title='bbox 785 444 894 485; x_wconf 89' lang='lat' dir='ltr'>Cum</span> <span class='ocrx_word' id='word_1_23' title='bbox 924 446 1088 492; x_wconf 91' lang='lat' dir='ltr'>autem,</span> <span class='ocrx_word' id='word_1_24' title='bbox 1112 444 1203 484; x_wconf 93' lang='lat' dir='ltr'>Deo</span> <span class='ocrx_word' id='word_1_25' title='bbox 1232 443 1483 491; x_wconf 88' lang='lat' dir='ltr'>ordinante,</span> <span class='ocrx_word' id='word_1_26' title='bbox 1505 443 1750 484; x_wconf 87' lang='lat' dir='ltr'>catholicos</span> 
     </span>
     <span class='ocr_line' id='line_1_4' title="bbox 121 508 1748 565; baseline -0.002 -15"><span class='ocrx_word' id='word_1_27' title='bbox 121 510 257 551; x_wconf 89' lang='lat' dir='ltr'>semel</span> <span class='ocrx_word' id='word_1_28' title='bbox 284 510 583 559; x_wconf 90' lang='lat' dir='ltr'>conuenisset,</span> <span class='ocrx_word' id='word_1_29' title='bbox 607 511 727 562; x_wconf 90' lang='lat' dir='ltr'>quod</span> <span class='ocrx_word' id='word_1_30' title='bbox 747 512 803 565; x_wconf 42' lang='lat' dir='ltr'>et,</span> <span class='ocrx_word' id='word_1_31' title='bbox 818 509 904 561; x_wconf 85' lang='lat' dir='ltr'>ipsi</span> <span class='ocrx_word' id='word_1_32' title='bbox 926 509 1105 550; x_wconf 81' lang='lat' dir='ltr'>hebraei</span> <span class='ocrx_word' id='word_1_33' title='bbox 1127 521 1286 560; x_wconf 82' lang='lat' dir='ltr'>genere</span> <span class='ocrx_word' id='word_1_34' title='bbox 1307 508 1326 534; x_wconf 79' lang='lat' dir='ltr'>b</span> <span class='ocrx_word' id='word_1_35' title='bbox 1350 508 1411 559; x_wconf 92' lang='lat' dir='ltr'>(ni</span> <span class='ocrx_word' id='word_1_36' title='bbox 1439 508 1585 559; x_wconf 86' lang='lat' dir='ltr'>fallor)</span> <span class='ocrx_word' id='word_1_37' title='bbox 1607 510 1748 556; x_wconf 90' lang='lat' dir='ltr'>erant,</span> 
     </span>
     <span class='ocr_line' id='line_1_5' title="bbox 120 572 1750 627; baseline -0.002 -12"><span class='ocrx_word' id='word_1_38' title='bbox 120 577 164 615; x_wconf 89' lang='lat' dir='ltr'>et</span> <span class='ocrx_word' id='word_1_39' title='bbox 191 587 244 615; x_wconf 89' lang='lat' dir='ltr'>ex</span> <span class='ocrx_word' id='word_1_40' title='bbox 273 575 330 627; x_wconf 82' lang='lat' dir='ltr'>ijs</span> <span class='ocrx_word' id='word_1_41' title='bbox 367 575 606 615; x_wconf 84' lang='lat' dir='ltr'>discrimen</span> <span class='ocrx_word' id='word_1_42' title='bbox 648 575 695 615; x_wconf 91' lang='lat' dir='ltr'>in</span> <span class='ocrx_word' id='word_1_43' title='bbox 738 587 827 627; x_wconf 92' lang='lat' dir='ltr'>quo</span> <span class='ocrx_word' id='word_1_44' title='bbox 857 576 1035 625; x_wconf 91' lang='lat' dir='ltr'>propter</span> <span class='ocrx_word' id='word_1_45' title='bbox 1077 573 1296 614; x_wconf 80' lang='lat' dir='ltr'>haeresim</span> <span class='ocrx_word' id='word_1_46' title='bbox 1339 575 1607 621; x_wconf 88' lang='lat' dir='ltr'>uersaretur,</span> <span class='ocrx_word' id='word_1_47' title='bbox 1638 572 1750 613; x_wconf 87' lang='lat' dir='ltr'>didi-</span> 
     </span>
     <span class='ocr_line' id='line_1_6' title="bbox 120 637 1747 691; baseline -0.001 -12"><span class='ocrx_word' id='word_1_48' title='bbox 120 640 267 688; x_wconf 88' lang='lat' dir='ltr'>cisset,</span> <span class='ocrx_word' id='word_1_49' title='bbox 298 640 570 680; x_wconf 85' lang='lat' dir='ltr'>orthodoxos</span> <span class='ocrx_word' id='word_1_50' title='bbox 600 640 722 680; x_wconf 90' lang='lat' dir='ltr'>illico</span> <span class='ocrx_word' id='word_1_51' title='bbox 759 640 1064 691; x_wconf 81' lang='lat' dir='ltr'>praeceptores</span> <span class='ocrx_word' id='word_1_52' title='bbox 1106 638 1385 690; x_wconf 91' lang='lat' dir='ltr'>quaerendos</span> <span class='ocrx_word' id='word_1_53' title='bbox 1427 637 1513 677; x_wconf 89' lang='lat' dir='ltr'>sibi</span> <span class='ocrx_word' id='word_1_54' title='bbox 1556 637 1747 688; x_wconf 88' lang='lat' dir='ltr'>putauit.</span> 
     </span>
     <span class='ocr_line' id='line_1_7' title="bbox 120 702 1750 756; baseline -0.002 -11"><span class='ocrx_word' id='word_1_55' title='bbox 120 704 235 744; x_wconf 89' lang='lat' dir='ltr'>Dum</span> <span class='ocrx_word' id='word_1_56' title='bbox 264 704 362 744; x_wconf 92' lang='lat' dir='ltr'>eius</span> <span class='ocrx_word' id='word_1_57' title='bbox 391 712 406 731; x_wconf 82' lang='lat'>0</span> <span class='ocrx_word' id='word_1_58' title='bbox 440 705 501 745; x_wconf 92' lang='lat' dir='ltr'>rei</span> <span class='ocrx_word' id='word_1_59' title='bbox 532 705 676 756; x_wconf 88' lang='lat' dir='ltr'>gratia</span> <span class='ocrx_word' id='word_1_60' title='bbox 704 705 787 744; x_wconf 90' lang='lat' dir='ltr'>hac</span> <span class='ocrx_word' id='word_1_61' title='bbox 816 704 863 744; x_wconf 92' lang='lat' dir='ltr'>in</span> <span class='ocrx_word' id='word_1_62' title='bbox 895 704 1069 744; x_wconf 90' lang='lat' dir='ltr'>Italiam</span> <span class='ocrx_word' id='word_1_63' title='bbox 1095 703 1285 743; x_wconf 86' lang='lat' dir='ltr'>transire</span> <span class='ocrx_word' id='word_1_64' title='bbox 1313 703 1493 754; x_wconf 83' lang='lat' dir='ltr'>cogitat,</span> <span class='ocrx_word' id='word_1_65' title='bbox 1534 702 1750 742; x_wconf 91' lang='lat' dir='ltr'>instinctu</span> 
     </span>
     <span class='ocr_line' id='line_1_8' title="bbox 119 767 1751 821; baseline -0.002 -12"><span class='ocrx_word' id='word_1_66' title='bbox 119 771 162 809; x_wconf 86' lang='lat' dir='ltr'>et</span> <span class='ocrx_word' id='word_1_67' title='bbox 189 781 328 809; x_wconf 91' lang='lat' dir='ltr'>suasu</span> <span class='ocrx_word' id='word_1_68' title='bbox 356 770 637 821; x_wconf 87' lang='lat' dir='ltr'>quorundam</span> <span class='ocrx_word' id='word_1_69' title='bbox 668 771 845 809; x_wconf 88' lang='lat' dir='ltr'>nostras</span> <span class='ocrx_word' id='word_1_70' title='bbox 874 769 1060 808; x_wconf 85' lang='lat' dir='ltr'>accessit</span> <span class='ocrx_word' id='word_1_71' title='bbox 1089 769 1235 815; x_wconf 84' lang='lat' dir='ltr'>aedes,</span> <span class='ocrx_word' id='word_1_72' title='bbox 1267 768 1428 819; x_wconf 90' lang='lat' dir='ltr'>suique</span> <span class='ocrx_word' id='word_1_73' title='bbox 1471 767 1603 807; x_wconf 91' lang='lat' dir='ltr'>nobis</span> <span class='ocrx_word' id='word_1_74' title='bbox 1645 778 1751 806; x_wconf 90' lang='lat' dir='ltr'>con-</span> 
     </span>
     <span class='ocr_line' id='line_1_9' title="bbox 120 832 1750 886; baseline -0.001 -13"><span class='ocrx_word' id='word_1_75' title='bbox 120 833 208 885; x_wconf 85' lang='lat' dir='ltr'>silij</span> <span class='ocrx_word' id='word_1_76' title='bbox 241 834 457 874; x_wconf 90' lang='lat' dir='ltr'>rationem</span> <span class='ocrx_word' id='word_1_77' title='bbox 488 835 675 886; x_wconf 87' lang='lat' dir='ltr'>aperuit.</span> <span class='ocrx_word' id='word_1_78' title='bbox 707 834 798 874; x_wconf 93' lang='lat' dir='ltr'>Nos</span> <span class='ocrx_word' id='word_1_79' title='bbox 827 834 1097 874; x_wconf 86' lang='lat' dir='ltr'>adolescenti</span> <span class='ocrx_word' id='word_1_80' title='bbox 1128 833 1325 884; x_wconf 87' lang='lat' dir='ltr'>decepto,</span> <span class='ocrx_word' id='word_1_81' title='bbox 1356 834 1398 873; x_wconf 90' lang='lat' dir='ltr'>et</span> <span class='ocrx_word' id='word_1_82' title='bbox 1434 833 1632 872; x_wconf 91' lang='lat' dir='ltr'>humano</span> <span class='ocrx_word' id='word_1_83' title='bbox 1662 832 1750 871; x_wconf 92' lang='lat' dir='ltr'>iam</span> 
     </span>
     <span class='ocr_line' id='line_1_10' title="bbox 119 898 1750 950; baseline -0.001 -12"><span class='ocrx_word' id='word_1_84' title='bbox 119 898 242 938; x_wconf 91' lang='lat' dir='ltr'>omni</span> <span class='ocrx_word' id='word_1_85' title='bbox 271 899 494 949; x_wconf 88' lang='lat' dir='ltr'>praesidio</span> <span class='ocrx_word' id='word_1_86' title='bbox 536 900 763 947; x_wconf 88' lang='lat' dir='ltr'>destituto,</span> <span class='ocrx_word' id='word_1_87' title='bbox 795 899 1129 950; x_wconf 80' lang='lat' dir='ltr'>compatientes,</span> <span class='ocrx_word' id='word_1_88' title='bbox 1161 898 1215 938; x_wconf 92' lang='lat' dir='ltr'>ad</span> <span class='ocrx_word' id='word_1_89' title='bbox 1247 898 1342 937; x_wconf 89' lang='lat' dir='ltr'>dies</span> <span class='ocrx_word' id='word_1_90' title='bbox 1375 898 1548 949; x_wconf 87' lang='lat' dir='ltr'>aliquot</span> <span class='ocrx_word' id='word_1_91' title='bbox 1577 899 1750 937; x_wconf 87' lang='lat' dir='ltr'>susten-</span> 
     </span>
     <span class='ocr_line' id='line_1_11' title="bbox 119 963 1749 1011; baseline -0.001 -9"><span class='ocrx_word' id='word_1_92' title='bbox 119 963 305 1003; x_wconf 90' lang='lat' dir='ltr'>tandum</span> <span class='ocrx_word' id='word_1_93' title='bbox 325 975 425 1003; x_wconf 91' lang='lat' dir='ltr'>eum</span> <span class='ocrx_word' id='word_1_94' title='bbox 447 964 720 1011; x_wconf 79' lang='lat' dir='ltr'>curauimus,</span> <span class='ocrx_word' id='word_1_95' title='bbox 743 965 791 1004; x_wconf 84' lang='lat' dir='ltr'>ut</span> <span class='ocrx_word' id='word_1_96' title='bbox 811 966 853 1003; x_wconf 90' lang='lat' dir='ltr'>et</span> <span class='ocrx_word' id='word_1_97' title='bbox 873 963 1139 1003; x_wconf 87' lang='lat' dir='ltr'>catholicam</span> <span class='ocrx_word' id='word_1_98' title='bbox 1160 963 1328 1002; x_wconf 88' lang='lat' dir='ltr'>interea</span> <span class='ocrx_word' id='word_1_99' title='bbox 1349 963 1477 1003; x_wconf 87' lang='lat' dir='ltr'>fidem</span> <span class='ocrx_word' id='word_1_100' title='bbox 1505 963 1749 1010; x_wconf 87' lang='lat' dir='ltr'>doceretur,</span> 
     </span>
     <span class='ocr_line' id='line_1_12' title="bbox 119 1028 1751 1079; baseline -0.001 -12"><span class='ocrx_word' id='word_1_101' title='bbox 119 1029 162 1067; x_wconf 87' lang='lat' dir='ltr'>et</span> <span class='ocrx_word' id='word_1_102' title='bbox 202 1028 380 1079; x_wconf 85' lang='lat' dir='ltr'>plenius</span> <span class='ocrx_word' id='word_1_103' title='bbox 409 1029 506 1069; x_wconf 89' lang='lat' dir='ltr'>eius</span> <span class='ocrx_word' id='word_1_104' title='bbox 536 1029 667 1069; x_wconf 88' lang='lat' dir='ltr'>nobis</span> <span class='ocrx_word' id='word_1_105' title='bbox 709 1029 898 1068; x_wconf 89' lang='lat' dir='ltr'>intentio</span> <span class='ocrx_word' id='word_1_106' title='bbox 942 1029 1253 1069; x_wconf 84' lang='lat' dir='ltr'>innotesceret.</span> <span class='ocrx_word' id='word_1_107' title='bbox 1287 1028 1482 1068; x_wconf 87' lang='lat' dir='ltr'>Tandem</span> <span class='ocrx_word' id='word_1_108' title='bbox 1528 1029 1751 1078; x_wconf 86' lang='lat' dir='ltr'>vtcunque</span> 
     </span>
     <span class='ocr_line' id='line_1_13' title="bbox 119 1092 1751 1145; baseline -0.001 -13"><span class='ocrx_word' id='word_1_109' title='bbox 119 1093 396 1144; x_wconf 85' lang='lat' dir='ltr'>exploratum</span> <span class='ocrx_word' id='word_1_110' title='bbox 425 1096 468 1133; x_wconf 90' lang='lat' dir='ltr'>et</span> <span class='ocrx_word' id='word_1_111' title='bbox 496 1095 731 1145; x_wconf 86' lang='lat' dir='ltr'>probatum</span> <span class='ocrx_word' id='word_1_112' title='bbox 774 1094 922 1134; x_wconf 91' lang='lat' dir='ltr'>isthuc</span> <span class='ocrx_word' id='word_1_113' title='bbox 966 1093 1230 1133; x_wconf 87' lang='lat' dir='ltr'>mittendum</span> <span class='ocrx_word' id='word_1_114' title='bbox 1277 1093 1550 1144; x_wconf 89' lang='lat' dir='ltr'>putauimus,</span> <span class='ocrx_word' id='word_1_115' title='bbox 1585 1092 1657 1131; x_wconf 82' lang='lat' dir='ltr'>vbi</span> <span class='ocrx_word' id='word_1_116' title='bbox 1688 1103 1751 1131; x_wconf 91' lang='lat' dir='ltr'>re-</span> 
     </span>
     <span class='ocr_line' id='line_1_14' title="bbox 119 1157 1750 1209; baseline -0.001 -12"><span class='ocrx_word' id='word_1_117' title='bbox 119 1158 281 1198; x_wconf 86' lang='lat' dir='ltr'>motior</span> <span class='ocrx_word' id='word_1_118' title='bbox 309 1171 335 1198; x_wconf 91' lang='lat' dir='ltr'>a</span> <span class='ocrx_word' id='word_1_119' title='bbox 363 1159 587 1199; x_wconf 82' lang='lat' dir='ltr'>scandalis</span> <span class='ocrx_word' id='word_1_120' title='bbox 629 1161 671 1199; x_wconf 92' lang='lat' dir='ltr'>et</span> <span class='ocrx_word' id='word_1_121' title='bbox 712 1159 953 1207; x_wconf 91' lang='lat' dir='ltr'>erroribus,</span> <span class='ocrx_word' id='word_1_122' title='bbox 985 1158 1187 1199; x_wconf 87' lang='lat' dir='ltr'>securius</span> <span class='ocrx_word' id='word_1_123' title='bbox 1230 1170 1365 1198; x_wconf 89' lang='lat' dir='ltr'>uerae</span> <span class='ocrx_word' id='word_1_124' title='bbox 1409 1157 1641 1209; x_wconf 81' lang='lat' dir='ltr'>religionis</span> <span class='ocrx_word' id='word_1_125' title='bbox 1670 1157 1750 1196; x_wconf 90' lang='lat' dir='ltr'>im-</span> 
     </span>
     <span class='ocr_line' id='line_1_15' title="bbox 119 1222 635 1264; baseline 0.002 -2"><span class='ocrx_word' id='word_1_126' title='bbox 119 1222 328 1263; x_wconf 89' lang='lat' dir='ltr'>bueretur</span> <span class='ocrx_word' id='word_1_127' title='bbox 356 1223 635 1264; x_wconf 89' lang='lat' dir='ltr'>rudimentis.</span> 
     </span>
    </p>

    <p class='ocr_par' dir='ltr' id='par_1_3' title="bbox 117 1287 1753 2903">
     <span class='ocr_line' id='line_1_16' title="bbox 197 1287 1751 1340; baseline 0 -14"><span class='ocrx_word' id='word_1_128' title='bbox 197 1288 236 1327; x_wconf 78' lang='lat'>4.</span> <span class='ocrx_word' id='word_1_129' title='bbox 269 1288 442 1328; x_wconf 87' lang='lat' dir='ltr'>Fratres</span> <span class='ocrx_word' id='word_1_130' title='bbox 472 1289 612 1329; x_wconf 89' lang='lat' dir='ltr'>nostri</span> <span class='ocrx_word' id='word_1_131' title='bbox 643 1289 719 1340; x_wconf 91' lang='lat' dir='ltr'>qui</span> <span class='ocrx_word' id='word_1_132' title='bbox 749 1301 928 1340; x_wconf 84' lang='lat' dir='ltr'>operam</span> <span class='ocrx_word' id='word_1_133' title='bbox 959 1289 1067 1328; x_wconf 90' lang='lat' dir='ltr'>dant</span> <span class='ocrx_word' id='word_1_134' title='bbox 1096 1288 1253 1336; x_wconf 88' lang='lat' dir='ltr'>literis,</span> <span class='ocrx_word' id='word_1_135' title='bbox 1278 1289 1421 1328; x_wconf 91' lang='lat' dir='ltr'>bonos</span> <span class='ocrx_word' id='word_1_136' title='bbox 1442 1290 1532 1327; x_wconf 86' lang='lat' dir='ltr'>tam</span> <span class='ocrx_word' id='word_1_137' title='bbox 1553 1287 1600 1327; x_wconf 94' lang='lat' dir='ltr'>in</span> <span class='ocrx_word' id='word_1_138' title='bbox 1630 1298 1751 1338; x_wconf 86' lang='lat' dir='ltr'>grae-</span> 
     </span>
     <span class='ocr_line' id='line_1_17' title="bbox 119 1351 1752 1405; baseline -0.001 -13"><span class='ocrx_word' id='word_1_139' title='bbox 119 1352 197 1401; x_wconf 92' lang='lat' dir='ltr'>cis,</span> <span class='ocrx_word' id='word_1_140' title='bbox 229 1365 362 1404; x_wconf 90' lang='lat' dir='ltr'>quam</span> <span class='ocrx_word' id='word_1_141' title='bbox 393 1353 440 1393; x_wconf 92' lang='lat' dir='ltr'>in</span> <span class='ocrx_word' id='word_1_142' title='bbox 469 1354 623 1394; x_wconf 90' lang='lat' dir='ltr'>latinis</span> <span class='ocrx_word' id='word_1_143' title='bbox 652 1355 850 1394; x_wconf 85' lang='lat' dir='ltr'>fecerunt</span> <span class='ocrx_word' id='word_1_144' title='bbox 879 1366 1155 1405; x_wconf 89' lang='lat' dir='ltr'>progressus.</span> <span class='ocrx_word' id='word_1_145' title='bbox 1181 1354 1238 1393; x_wconf 92' lang='lat' dir='ltr'>Hi</span> <span class='ocrx_word' id='word_1_146' title='bbox 1268 1355 1441 1404; x_wconf 87' lang='lat' dir='ltr'>praeter</span> <span class='ocrx_word' id='word_1_147' title='bbox 1468 1365 1599 1404; x_wconf 88' lang='lat' dir='ltr'>quam</span> <span class='ocrx_word' id='word_1_148' title='bbox 1632 1351 1752 1403; x_wconf 91' lang='lat' dir='ltr'>quod</span> 
     </span>
     <span class='ocr_line' id='line_1_18' title="bbox 118 1417 1749 1470; baseline -0.001 -13"><span class='ocrx_word' id='word_1_149' title='bbox 118 1420 276 1458; x_wconf 89' lang='lat' dir='ltr'>octauo</span> <span class='ocrx_word' id='word_1_150' title='bbox 307 1430 483 1470; x_wconf 88' lang='lat' dir='ltr'>quoque</span> <span class='ocrx_word' id='word_1_151' title='bbox 513 1419 584 1459; x_wconf 90' lang='lat' dir='ltr'>die</span> <span class='ocrx_word' id='word_1_152' title='bbox 613 1420 660 1459; x_wconf 91' lang='lat' dir='ltr'>in</span> <span class='ocrx_word' id='word_1_153' title='bbox 699 1420 940 1459; x_wconf 90' lang='lat' dir='ltr'>coenaculo</span> <span class='ocrx_word' id='word_1_154' title='bbox 983 1421 1136 1459; x_wconf 83' lang='lat' dir='ltr'>nostro</span> <span class='ocrx_word' id='word_1_155' title='bbox 1179 1420 1404 1458; x_wconf 87' lang='lat' dir='ltr'>orationes</span> <span class='ocrx_word' id='word_1_156' title='bbox 1433 1420 1474 1458; x_wconf 88' lang='lat' dir='ltr'>et</span> <span class='ocrx_word' id='word_1_157' title='bbox 1503 1417 1749 1465; x_wconf 87' lang='lat' dir='ltr'>contiones,</span> 
     </span>
     <span class='ocr_line' id='line_1_19' title="bbox 119 1483 1751 1536; baseline -0.001 -14"><span class='ocrx_word' id='word_1_158' title='bbox 119 1484 209 1522; x_wconf 91' lang='lat' dir='ltr'>tam</span> <span class='ocrx_word' id='word_1_159' title='bbox 252 1484 431 1531; x_wconf 87' lang='lat' dir='ltr'>latinas,</span> <span class='ocrx_word' id='word_1_160' title='bbox 467 1497 600 1536; x_wconf 87' lang='lat' dir='ltr'>quam</span> <span class='ocrx_word' id='word_1_161' title='bbox 644 1485 936 1536; x_wconf 86' lang='lat' dir='ltr'>germanicas,</span> <span class='ocrx_word' id='word_1_162' title='bbox 984 1485 1236 1536; x_wconf 87' lang='lat' dir='ltr'>frequentes</span> <span class='ocrx_word' id='word_1_163' title='bbox 1283 1496 1462 1535; x_wconf 86' lang='lat' dir='ltr'>quoque</span> <span class='ocrx_word' id='word_1_164' title='bbox 1508 1483 1751 1523; x_wconf 87' lang='lat' dir='ltr'>lectionum</span> 
     </span>
     <span class='ocr_line' id='line_1_20' title="bbox 119 1548 1753 1601; baseline 0 -14"><span class='ocrx_word' id='word_1_165' title='bbox 119 1549 404 1599; x_wconf 88' lang='lat' dir='ltr'>repetitiones</span> <span class='ocrx_word' id='word_1_166' title='bbox 433 1552 475 1590; x_wconf 88' lang='lat' dir='ltr'>et</span> <span class='ocrx_word' id='word_1_167' title='bbox 504 1550 832 1601; x_wconf 87' lang='lat' dir='ltr'>disputationes</span> <span class='ocrx_word' id='word_1_168' title='bbox 862 1550 980 1590; x_wconf 89' lang='lat' dir='ltr'>intra</span> <span class='ocrx_word' id='word_1_169' title='bbox 1009 1550 1276 1590; x_wconf 89' lang='lat' dir='ltr'>domesticos</span> <span class='ocrx_word' id='word_1_170' title='bbox 1297 1550 1487 1601; x_wconf 85' lang='lat' dir='ltr'>parietes</span> <span class='ocrx_word' id='word_1_171' title='bbox 1516 1561 1567 1589; x_wconf 85' lang='lat' dir='ltr'>ex</span> <span class='ocrx_word' id='word_1_172' title='bbox 1597 1548 1753 1588; x_wconf 91' lang='lat' dir='ltr'>ordine</span> 
     </span>
     <span class='ocr_line' id='line_1_21' title="bbox 118 1613 1751 1666; baseline 0 -14"><span class='ocrx_word' id='word_1_173' title='bbox 118 1615 160 1652; x_wconf 89' lang='lat' dir='ltr'>et</span> <span class='ocrx_word' id='word_1_174' title='bbox 189 1613 384 1654; x_wconf 88' lang='lat' dir='ltr'>habeant</span> <span class='ocrx_word' id='word_1_175' title='bbox 413 1617 454 1654; x_wconf 93' lang='lat' dir='ltr'>et</span> <span class='ocrx_word' id='word_1_176' title='bbox 483 1615 692 1662; x_wconf 70' lang='lat' dir='ltr'>audiant,</span> <span class='ocrx_word' id='word_1_177' title='bbox 726 1615 902 1666; x_wconf 87' lang='lat' dir='ltr'>publice</span> <span class='ocrx_word' id='word_1_178' title='bbox 927 1615 1061 1655; x_wconf 89' lang='lat' dir='ltr'>etiam</span> <span class='ocrx_word' id='word_1_179' title='bbox 1082 1615 1137 1654; x_wconf 90' lang='lat' dir='ltr'>ad</span> <span class='ocrx_word' id='word_1_180' title='bbox 1159 1615 1419 1666; x_wconf 88' lang='lat' dir='ltr'>discipulos,</span> <span class='ocrx_word' id='word_1_181' title='bbox 1442 1614 1622 1666; x_wconf 87' lang='lat' dir='ltr'>quando</span> <span class='ocrx_word' id='word_1_182' title='bbox 1643 1613 1751 1652; x_wconf 87' lang='lat' dir='ltr'>ordo</span> 
     </span>
     <span class='ocr_line' id='line_1_22' title="bbox 119 1678 1752 1731; baseline 0 -14"><span class='ocrx_word' id='word_1_183' title='bbox 119 1678 222 1718; x_wconf 90' lang='lat' dir='ltr'>illos</span> <span class='ocrx_word' id='word_1_184' title='bbox 250 1679 445 1730; x_wconf 85' lang='lat' dir='ltr'>attingit,</span> <span class='ocrx_word' id='word_1_185' title='bbox 477 1680 614 1720; x_wconf 90' lang='lat' dir='ltr'>latine</span> <span class='ocrx_word' id='word_1_186' title='bbox 644 1682 866 1731; x_wconf 84' lang='lat' dir='ltr'>perorant.</span> <span class='ocrx_word' id='word_1_187' title='bbox 900 1681 1226 1731; x_wconf 88' lang='lat' dir='ltr'>Praeceptores,</span> <span class='ocrx_word' id='word_1_188' title='bbox 1259 1680 1336 1731; x_wconf 90' lang='lat' dir='ltr'>qui</span> <span class='ocrx_word' id='word_1_189' title='bbox 1380 1679 1600 1719; x_wconf 89' lang='lat' dir='ltr'>classibus</span> <span class='ocrx_word' id='word_1_190' title='bbox 1631 1689 1752 1729; x_wconf 89' lang='lat' dir='ltr'>prae-</span> 
     </span>
     <span class='ocr_line' id='line_1_23' title="bbox 118 1743 1751 1796; baseline -0.001 -14"><span class='ocrx_word' id='word_1_191' title='bbox 118 1745 238 1791; x_wconf 90' lang='lat' dir='ltr'>sunt,</span> <span class='ocrx_word' id='word_1_192' title='bbox 270 1747 375 1784; x_wconf 91' lang='lat' dir='ltr'>sunt</span> <span class='ocrx_word' id='word_1_193' title='bbox 405 1757 590 1785; x_wconf 88' lang='lat' dir='ltr'>numero</span> <span class='ocrx_word' id='word_1_194' title='bbox 619 1747 732 1785; x_wconf 92' lang='lat' dir='ltr'>octo.</span> <span class='ocrx_word' id='word_1_195' title='bbox 766 1745 930 1785; x_wconf 85' lang='lat' dir='ltr'>Omnes</span> <span class='ocrx_word' id='word_1_196' title='bbox 951 1757 1030 1796; x_wconf 88' lang='lat' dir='ltr'>pro</span> <span class='ocrx_word' id='word_1_197' title='bbox 1051 1745 1174 1785; x_wconf 90' lang='lat' dir='ltr'>uirili</span> <span class='ocrx_word' id='word_1_198' title='bbox 1195 1746 1303 1785; x_wconf 87' lang='lat' dir='ltr'>dant</span> <span class='ocrx_word' id='word_1_199' title='bbox 1323 1757 1500 1796; x_wconf 79' lang='lat' dir='ltr'>operam</span> <span class='ocrx_word' id='word_1_200' title='bbox 1533 1746 1578 1783; x_wconf 89' lang='lat' dir='ltr'>vt</span> <span class='ocrx_word' id='word_1_201' title='bbox 1607 1743 1751 1783; x_wconf 86' lang='lat' dir='ltr'>officio</span> 
     </span>
     <span class='ocr_line' id='line_1_24' title="bbox 118 1807 1752 1857; baseline -0.001 -9"><span class='ocrx_word' id='word_1_202' title='bbox 118 1820 200 1849; x_wconf 92' lang='lat' dir='ltr'>suo</span> <span class='ocrx_word' id='word_1_203' title='bbox 230 1809 522 1857; x_wconf 85' lang='lat' dir='ltr'>satisfaciant,</span> <span class='ocrx_word' id='word_1_204' title='bbox 554 1813 597 1850; x_wconf 90' lang='lat' dir='ltr'>et</span> <span class='ocrx_word' id='word_1_205' title='bbox 626 1811 842 1850; x_wconf 87' lang='lat' dir='ltr'>talentum</span> <span class='ocrx_word' id='word_1_206' title='bbox 874 1811 1016 1850; x_wconf 77' lang='lat' dir='ltr'>sibi&#39;a</span> <span class='ocrx_word' id='word_1_207' title='bbox 1046 1811 1137 1850; x_wconf 92' lang='lat' dir='ltr'>Deo</span> <span class='ocrx_word' id='word_1_208' title='bbox 1180 1810 1482 1850; x_wconf 88' lang='lat' dir='ltr'>concreditum</span> <span class='ocrx_word' id='word_1_209' title='bbox 1526 1810 1636 1848; x_wconf 91' lang='lat' dir='ltr'>bene</span> <span class='ocrx_word' id='word_1_210' title='bbox 1665 1807 1752 1847; x_wconf 92' lang='lat' dir='ltr'>col-</span> 
     </span>
     <span class='ocr_line' id='line_1_25' title="bbox 118 1874 1752 1927; baseline -0.001 -14"><span class='ocrx_word' id='word_1_211' title='bbox 118 1874 264 1914; x_wconf 89' lang='lat' dir='ltr'>locent</span> <span class='ocrx_word' id='word_1_212' title='bbox 292 1877 334 1914; x_wconf 92' lang='lat' dir='ltr'>et</span> <span class='ocrx_word' id='word_1_213' title='bbox 362 1875 627 1926; x_wconf 82' lang='lat' dir='ltr'>expendant.</span> <span class='ocrx_word' id='word_1_214' title='bbox 661 1876 866 1927; x_wconf 86' lang='lat' dir='ltr'>Dantque</span> <span class='ocrx_word' id='word_1_215' title='bbox 895 1887 1090 1926; x_wconf 86' lang='lat' dir='ltr'>operam,</span> <span class='ocrx_word' id='word_1_216' title='bbox 1115 1878 1162 1915; x_wconf 86' lang='lat' dir='ltr'>ut</span> <span class='ocrx_word' id='word_1_217' title='bbox 1182 1887 1271 1914; x_wconf 93' lang='lat' dir='ltr'>non</span> <span class='ocrx_word' id='word_1_218' title='bbox 1294 1887 1422 1915; x_wconf 90' lang='lat' dir='ltr'>secus</span> <span class='ocrx_word' id='word_1_219' title='bbox 1442 1876 1575 1925; x_wconf 88' lang='lat' dir='ltr'>atque</span> <span class='ocrx_word' id='word_1_220' title='bbox 1606 1876 1752 1924; x_wconf 88' lang='lat' dir='ltr'>patres</span> 
     </span>
     <span class='ocr_line' id='line_1_26' title="bbox 118 1938 1752 1992; baseline -0.001 -14"><span class='ocrx_word' id='word_1_221' title='bbox 118 1939 327 1990; x_wconf 89' lang='lat' dir='ltr'>discipuli</span> <span class='ocrx_word' id='word_1_222' title='bbox 358 1940 480 1990; x_wconf 89' lang='lat' dir='ltr'>ipsos</span> <span class='ocrx_word' id='word_1_223' title='bbox 522 1940 771 1991; x_wconf 86' lang='lat' dir='ltr'>suspiciant</span> <span class='ocrx_word' id='word_1_224' title='bbox 812 1942 945 1992; x_wconf 87' lang='lat' dir='ltr'>atque</span> <span class='ocrx_word' id='word_1_225' title='bbox 978 1941 1240 1988; x_wconf 82' lang='lat' dir='ltr'>obseruent;</span> <span class='ocrx_word' id='word_1_226' title='bbox 1273 1943 1314 1980; x_wconf 91' lang='lat' dir='ltr'>et</span> <span class='ocrx_word' id='word_1_227' title='bbox 1344 1952 1440 1980; x_wconf 90' lang='lat' dir='ltr'>eam</span> <span class='ocrx_word' id='word_1_228' title='bbox 1484 1951 1591 1979; x_wconf 93' lang='lat' dir='ltr'>sane</span> <span class='ocrx_word' id='word_1_229' title='bbox 1633 1938 1752 1989; x_wconf 90' lang='lat' dir='ltr'>apud</span> 
     </span>
     <span class='ocr_line' id='line_1_27' title="bbox 117 2004 1753 2057; baseline -0.001 -14"><span class='ocrx_word' id='word_1_230' title='bbox 117 2016 273 2044; x_wconf 91' lang='lat' dir='ltr'>omnes</span> <span class='ocrx_word' id='word_1_231' title='bbox 316 2005 687 2045; x_wconf 87' lang='lat' dir='ltr'>existimationem</span> <span class='ocrx_word' id='word_1_232' title='bbox 733 2005 901 2046; x_wconf 91' lang='lat' dir='ltr'>habent</span> <span class='ocrx_word' id='word_1_233' title='bbox 942 2008 984 2046; x_wconf 90' lang='lat' dir='ltr'>et</span> <span class='ocrx_word' id='word_1_234' title='bbox 1026 2006 1358 2053; x_wconf 84' lang='lat' dir='ltr'>authoritatem,</span> <span class='ocrx_word' id='word_1_235' title='bbox 1390 2017 1525 2057; x_wconf 86' lang='lat' dir='ltr'>quam</span> <span class='ocrx_word' id='word_1_236' title='bbox 1564 2004 1753 2055; x_wconf 83' lang='lat' dir='ltr'>possunt</span> 
     </span>
     <span class='ocr_line' id='line_1_28' title="bbox 118 2069 1751 2122; baseline -0.001 -13"><span class='ocrx_word' id='word_1_237' title='bbox 118 2069 282 2109; x_wconf 90' lang='lat' dir='ltr'>habere</span> <span class='ocrx_word' id='word_1_238' title='bbox 324 2070 577 2110; x_wconf 87' lang='lat' dir='ltr'>maximam.</span> <span class='ocrx_word' id='word_1_239' title='bbox 610 2070 707 2121; x_wconf 82' lang='lat' dir='ltr'>Quo</span> <span class='ocrx_word' id='word_1_240' title='bbox 749 2070 930 2122; x_wconf 88' lang='lat' dir='ltr'>quidem</span> <span class='ocrx_word' id='word_1_241' title='bbox 973 2071 1036 2118; x_wconf 83' lang='lat' dir='ltr'>fit,</span> <span class='ocrx_word' id='word_1_242' title='bbox 1075 2072 1118 2110; x_wconf 88' lang='lat' dir='ltr'>vt</span> <span class='ocrx_word' id='word_1_243' title='bbox 1162 2082 1384 2111; x_wconf 89' lang='lat' dir='ltr'>nouorum</span> <span class='ocrx_word' id='word_1_244' title='bbox 1427 2069 1751 2120; x_wconf 85' lang='lat' dir='ltr'>discipulorum</span> 
     </span>
     <span class='ocr_line' id='line_1_29' title="bbox 119 2134 1751 2187; baseline 0 -13"><span class='ocrx_word' id='word_1_245' title='bbox 119 2147 281 2186; x_wconf 89' lang='lat' dir='ltr'>magna</span> <span class='ocrx_word' id='word_1_246' title='bbox 309 2147 482 2187; x_wconf 87' lang='lat' dir='ltr'>semper</span> <span class='ocrx_word' id='word_1_247' title='bbox 511 2136 562 2175; x_wconf 88' lang='lat' dir='ltr'>ad</span> <span class='ocrx_word' id='word_1_248' title='bbox 596 2136 774 2176; x_wconf 92' lang='lat' dir='ltr'>scholas</span> <span class='ocrx_word' id='word_1_249' title='bbox 808 2138 985 2176; x_wconf 89' lang='lat' dir='ltr'>nostras</span> <span class='ocrx_word' id='word_1_250' title='bbox 1028 2137 1104 2176; x_wconf 85' lang='lat' dir='ltr'>fiat</span> <span class='ocrx_word' id='word_1_251' title='bbox 1147 2136 1357 2184; x_wconf 82' lang='lat' dir='ltr'>accessio,</span> <span class='ocrx_word' id='word_1_252' title='bbox 1389 2138 1432 2176; x_wconf 88' lang='lat' dir='ltr'>et</span> <span class='ocrx_word' id='word_1_253' title='bbox 1461 2135 1547 2186; x_wconf 89' lang='lat' dir='ltr'>ipsi</span> <span class='ocrx_word' id='word_1_254' title='bbox 1577 2134 1654 2186; x_wconf 92' lang='lat' dir='ltr'>qui</span> <span class='ocrx_word' id='word_1_255' title='bbox 1684 2134 1751 2174; x_wconf 90' lang='lat' dir='ltr'>di-</span> 
     </span>
     <span class='ocr_line' id='line_1_30' title="bbox 118 2200 1751 2252; baseline -0.001 -12"><span class='ocrx_word' id='word_1_256' title='bbox 118 2200 334 2251; x_wconf 88' lang='lat' dir='ltr'>sciplinae</span> <span class='ocrx_word' id='word_1_257' title='bbox 363 2203 541 2240; x_wconf 90' lang='lat' dir='ltr'>nostrae</span> <span class='ocrx_word' id='word_1_258' title='bbox 571 2201 863 2241; x_wconf 85' lang='lat' dir='ltr'>scholasticae</span> <span class='ocrx_word' id='word_1_259' title='bbox 893 2201 1177 2252; x_wconf 88' lang='lat' dir='ltr'>impatientes</span> <span class='ocrx_word' id='word_1_260' title='bbox 1199 2201 1386 2252; x_wconf 91' lang='lat' dir='ltr'>turpiter</span> <span class='ocrx_word' id='word_1_261' title='bbox 1405 2200 1648 2252; x_wconf 90' lang='lat' dir='ltr'>aliquando</span> <span class='ocrx_word' id='word_1_262' title='bbox 1670 2211 1751 2239; x_wconf 91' lang='lat' dir='ltr'>nos</span> 
     </span>
     <span class='ocr_line' id='line_1_31' title="bbox 117 2263 1752 2317; baseline -0.001 -13"><span class='ocrx_word' id='word_1_263' title='bbox 117 2264 423 2313; x_wconf 81' lang='lat' dir='ltr'>deseruerunt,</span> <span class='ocrx_word' id='word_1_264' title='bbox 456 2265 618 2305; x_wconf 90' lang='lat' dir='ltr'>mirum</span> <span class='ocrx_word' id='word_1_265' title='bbox 647 2268 816 2317; x_wconf 91' lang='lat' dir='ltr'>quanta</span> <span class='ocrx_word' id='word_1_266' title='bbox 846 2266 1114 2313; x_wconf 88' lang='lat' dir='ltr'>humilitate,</span> <span class='ocrx_word' id='word_1_267' title='bbox 1143 2268 1252 2317; x_wconf 89' lang='lat' dir='ltr'>quot</span> <span class='ocrx_word' id='word_1_268' title='bbox 1280 2268 1322 2305; x_wconf 89' lang='lat' dir='ltr'>et</span> <span class='ocrx_word' id='word_1_269' title='bbox 1342 2266 1524 2317; x_wconf 85' lang='lat' dir='ltr'>quantis</span> <span class='ocrx_word' id='word_1_270' title='bbox 1555 2263 1752 2304; x_wconf 90' lang='lat' dir='ltr'>melioris</span> 
     </span>
     <span class='ocr_line' id='line_1_32' title="bbox 119 2329 1751 2383; baseline -0.001 -14"><span class='ocrx_word' id='word_1_271' title='bbox 119 2330 235 2370; x_wconf 87' lang='lat' dir='ltr'>vitae</span> <span class='ocrx_word' id='word_1_272' title='bbox 263 2331 641 2381; x_wconf 89' lang='lat' dir='ltr'>promissionibus</span> <span class='ocrx_word' id='word_1_273' title='bbox 678 2331 810 2372; x_wconf 87' lang='lat' dir='ltr'>nobis</span> <span class='ocrx_word' id='word_1_274' title='bbox 840 2331 984 2379; x_wconf 82' lang='lat' dir='ltr'>factis,</span> <span class='ocrx_word' id='word_1_275' title='bbox 1016 2333 1124 2383; x_wconf 86' lang='lat' dir='ltr'>quot</span> <span class='ocrx_word' id='word_1_276' title='bbox 1158 2331 1351 2382; x_wconf 89' lang='lat' dir='ltr'>denique</span> <span class='ocrx_word' id='word_1_277' title='bbox 1381 2329 1751 2370; x_wconf 86' lang='lat' dir='ltr'>intercessoribus</span> 
     </span>
     <span class='ocr_line' id='line_1_33' title="bbox 117 2394 1751 2448; baseline -0.001 -14"><span class='ocrx_word' id='word_1_278' title='bbox 117 2396 389 2444; x_wconf 90' lang='lat' dir='ltr'>subornatis,</span> <span class='ocrx_word' id='word_1_279' title='bbox 420 2396 566 2436; x_wconf 87' lang='lat' dir='ltr'>denuo</span> <span class='ocrx_word' id='word_1_280' title='bbox 596 2409 622 2437; x_wconf 89' lang='lat' dir='ltr'>a</span> <span class='ocrx_word' id='word_1_281' title='bbox 651 2396 782 2437; x_wconf 91' lang='lat' dir='ltr'>nobis</span> <span class='ocrx_word' id='word_1_282' title='bbox 826 2396 961 2448; x_wconf 90' lang='lat' dir='ltr'>recipi</span> <span class='ocrx_word' id='word_1_283' title='bbox 992 2397 1234 2448; x_wconf 89' lang='lat' dir='ltr'>postulent.</span> <span class='ocrx_word' id='word_1_284' title='bbox 1267 2395 1353 2446; x_wconf 83' lang='lat' dir='ltr'>Qui</span> <span class='ocrx_word' id='word_1_285' title='bbox 1398 2407 1505 2435; x_wconf 91' lang='lat' dir='ltr'>uero</span> <span class='ocrx_word' id='word_1_286' title='bbox 1535 2407 1587 2434; x_wconf 92' lang='lat' dir='ltr'>ex</span> <span class='ocrx_word' id='word_1_287' title='bbox 1617 2395 1674 2446; x_wconf 89' lang='lat' dir='ltr'>ijs</span> <span class='ocrx_word' id='word_1_288' title='bbox 1704 2394 1751 2434; x_wconf 92' lang='lat' dir='ltr'>in</span> 
     </span>
     <span class='ocr_line' id='line_1_34' title="bbox 119 2459 1751 2513; baseline 0 -15"><span class='ocrx_word' id='word_1_289' title='bbox 119 2459 306 2511; x_wconf 81' lang='lat' dir='ltr'>gratiam</span> <span class='ocrx_word' id='word_1_290' title='bbox 336 2463 442 2500; x_wconf 89' lang='lat' dir='ltr'>sunt</span> <span class='ocrx_word' id='word_1_291' title='bbox 471 2461 648 2513; x_wconf 81' lang='lat' dir='ltr'>recepti,</span> <span class='ocrx_word' id='word_1_292' title='bbox 680 2461 899 2501; x_wconf 89' lang='lat' dir='ltr'>eiusmodi</span> <span class='ocrx_word' id='word_1_293' title='bbox 921 2461 1080 2501; x_wconf 89' lang='lat' dir='ltr'>mutati</span> <span class='ocrx_word' id='word_1_294' title='bbox 1103 2461 1150 2500; x_wconf 94' lang='lat' dir='ltr'>in</span> <span class='ocrx_word' id='word_1_295' title='bbox 1175 2460 1337 2500; x_wconf 90' lang='lat' dir='ltr'>melius</span> <span class='ocrx_word' id='word_1_296' title='bbox 1358 2460 1497 2500; x_wconf 88' lang='lat' dir='ltr'>animi</span> <span class='ocrx_word' id='word_1_297' title='bbox 1527 2459 1751 2511; x_wconf 88' lang='lat' dir='ltr'>specimen</span> 
     </span>
     <span class='ocr_line' id='line_1_35' title="bbox 118 2524 1751 2577; baseline -0.001 -13"><span class='ocrx_word' id='word_1_298' title='bbox 118 2526 328 2576; x_wconf 89' lang='lat' dir='ltr'>praebere</span> <span class='ocrx_word' id='word_1_299' title='bbox 357 2528 562 2577; x_wconf 85' lang='lat' dir='ltr'>pergunt,</span> <span class='ocrx_word' id='word_1_300' title='bbox 593 2528 641 2566; x_wconf 89' lang='lat' dir='ltr'>vt</span> <span class='ocrx_word' id='word_1_301' title='bbox 668 2526 783 2566; x_wconf 90' lang='lat' dir='ltr'>nulli</span> <span class='ocrx_word' id='word_1_302' title='bbox 813 2526 1001 2566; x_wconf 85' lang='lat' dir='ltr'>dubium</span> <span class='ocrx_word' id='word_1_303' title='bbox 1031 2538 1128 2566; x_wconf 91' lang='lat' dir='ltr'>esse</span> <span class='ocrx_word' id='word_1_304' title='bbox 1157 2526 1314 2577; x_wconf 81' lang='lat' dir='ltr'>possit,</span> <span class='ocrx_word' id='word_1_305' title='bbox 1342 2525 1453 2577; x_wconf 88' lang='lat' dir='ltr'>quin</span> <span class='ocrx_word' id='word_1_306' title='bbox 1482 2524 1751 2576; x_wconf 83' lang='lat' dir='ltr'>aequissime</span> 
     </span>
     <span class='ocr_line' id='line_1_36' title="bbox 118 2589 1751 2643; baseline -0.001 -13"><span class='ocrx_word' id='word_1_307' title='bbox 118 2602 238 2630; x_wconf 91' lang='lat' dir='ltr'>nunc</span> <span class='ocrx_word' id='word_1_308' title='bbox 279 2591 333 2630; x_wconf 90' lang='lat' dir='ltr'>de</span> <span class='ocrx_word' id='word_1_309' title='bbox 362 2591 458 2632; x_wconf 91' lang='lat' dir='ltr'>suis</span> <span class='ocrx_word' id='word_1_310' title='bbox 502 2592 862 2643; x_wconf 89' lang='lat' dir='ltr'>praeceptoribus</span> <span class='ocrx_word' id='word_1_311' title='bbox 904 2592 1114 2640; x_wconf 86' lang='lat' dir='ltr'>sentiant,</span> <span class='ocrx_word' id='word_1_312' title='bbox 1147 2603 1261 2643; x_wconf 90' lang='lat' dir='ltr'>quos</span> <span class='ocrx_word' id='word_1_313' title='bbox 1304 2593 1465 2631; x_wconf 90' lang='lat' dir='ltr'>temere</span> <span class='ocrx_word' id='word_1_314' title='bbox 1507 2589 1751 2642; x_wconf 85' lang='lat' dir='ltr'>aliquando</span> 
     </span>
     <span class='ocr_line' id='line_1_37' title="bbox 118 2654 1750 2708; baseline -0.001 -13"><span class='ocrx_word' id='word_1_315' title='bbox 118 2656 438 2707; x_wconf 89' lang='lat' dir='ltr'>contempsisse</span> <span class='ocrx_word' id='word_1_316' title='bbox 467 2657 757 2705; x_wconf 84' lang='lat' dir='ltr'>videbantur;</span> <span class='ocrx_word' id='word_1_317' title='bbox 790 2659 832 2696; x_wconf 92' lang='lat' dir='ltr'>et</span> <span class='ocrx_word' id='word_1_318' title='bbox 860 2669 951 2697; x_wconf 92' lang='lat' dir='ltr'>non</span> <span class='ocrx_word' id='word_1_319' title='bbox 984 2658 1332 2708; x_wconf 87' lang='lat' dir='ltr'>praeceptorum,</span> <span class='ocrx_word' id='word_1_320' title='bbox 1364 2656 1437 2696; x_wconf 87' lang='lat' dir='ltr'>sed</span> <span class='ocrx_word' id='word_1_321' title='bbox 1475 2655 1655 2707; x_wconf 90' lang='lat' dir='ltr'>propria</span> <span class='ocrx_word' id='word_1_322' title='bbox 1684 2654 1750 2706; x_wconf 87' lang='lat' dir='ltr'>ip-</span> 
     </span>
     <span class='ocr_line' id='line_1_38' title="bbox 119 2720 1749 2773; baseline 0.001 -13"><span class='ocrx_word' id='word_1_323' title='bbox 119 2732 270 2761; x_wconf 91' lang='lat' dir='ltr'>sorum</span> <span class='ocrx_word' id='word_1_324' title='bbox 299 2721 429 2773; x_wconf 93' lang='lat' dir='ltr'>culpa</span> <span class='ocrx_word' id='word_1_325' title='bbox 459 2722 640 2769; x_wconf 85' lang='lat' dir='ltr'>factum,</span> <span class='ocrx_word' id='word_1_326' title='bbox 663 2722 781 2773; x_wconf 90' lang='lat' dir='ltr'>quod</span> <span class='ocrx_word' id='word_1_327' title='bbox 802 2734 827 2761; x_wconf 87' lang='lat' dir='ltr'>a</span> <span class='ocrx_word' id='word_1_328' title='bbox 848 2722 1016 2762; x_wconf 92' lang='lat' dir='ltr'>scholis</span> <span class='ocrx_word' id='word_1_329' title='bbox 1037 2722 1280 2773; x_wconf 89' lang='lat' dir='ltr'>aliquando</span> <span class='ocrx_word' id='word_1_330' title='bbox 1301 2721 1468 2761; x_wconf 90' lang='lat' dir='ltr'>nostris</span> <span class='ocrx_word' id='word_1_331' title='bbox 1497 2720 1749 2761; x_wconf 87' lang='lat' dir='ltr'>defecerint.</span> 
     </span>
     <span class='ocr_line' id='line_1_39' title="bbox 118 2785 1750 2839; baseline -0.001 -14"><span class='ocrx_word' id='word_1_332' title='bbox 118 2785 338 2837; x_wconf 89' lang='lat' dir='ltr'>Discipuli</span> <span class='ocrx_word' id='word_1_333' title='bbox 368 2787 637 2827; x_wconf 87' lang='lat' dir='ltr'>vnanimiter</span> <span class='ocrx_word' id='word_1_334' title='bbox 666 2799 820 2827; x_wconf 90' lang='lat' dir='ltr'>omnes</span> <span class='ocrx_word' id='word_1_335' title='bbox 850 2787 1051 2839; x_wconf 86' lang='lat' dir='ltr'>impense</span> <span class='ocrx_word' id='word_1_336' title='bbox 1071 2787 1292 2838; x_wconf 87' lang='lat' dir='ltr'>anxieque</span> <span class='ocrx_word' id='word_1_337' title='bbox 1317 2787 1498 2827; x_wconf 87' lang='lat' dir='ltr'>student</span> <span class='ocrx_word' id='word_1_338' title='bbox 1527 2788 1575 2826; x_wconf 88' lang='lat' dir='ltr'>ut</span> <span class='ocrx_word' id='word_1_339' title='bbox 1606 2785 1750 2837; x_wconf 90' lang='lat' dir='ltr'>palae·</span> 
     </span>
     <span class='ocr_line' id='line_1_40' title="bbox 119 2851 1750 2903; baseline 0 -13"><span class='ocrx_word' id='word_1_340' title='bbox 119 2853 236 2891; x_wconf 89' lang='lat' dir='ltr'>strae</span> <span class='ocrx_word' id='word_1_341' title='bbox 278 2851 500 2892; x_wconf 88' lang='lat' dir='ltr'>literariae</span> <span class='ocrx_word' id='word_1_342' title='bbox 543 2852 708 2892; x_wconf 89' lang='lat' dir='ltr'>milites</span> <span class='ocrx_word' id='word_1_343' title='bbox 750 2852 1107 2892; x_wconf 88' lang='lat' dir='ltr'>exercitatissimi</span> <span class='ocrx_word' id='word_1_344' title='bbox 1151 2852 1359 2892; x_wconf 89' lang='lat' dir='ltr'>euadant.</span> <span class='ocrx_word' id='word_1_345' title='bbox 1402 2851 1641 2903; x_wconf 86' lang='lat' dir='ltr'>Speramus</span> <span class='ocrx_word' id='word_1_346' title='bbox 1675 2861 1750 2890; x_wconf 85' lang='lat' dir='ltr'>eos</span> 
     </span>
    </p>
   </div>
   <div class='ocr_carea' id='block_1_3' title="bbox 181 3052 1548 3087">
    <p class='ocr_par' dir='ltr' id='par_1_4' title="bbox 181 3052 1548 3087">
     <span class='ocr_line' id='line_1_41' title="bbox 181 3052 1548 3087; baseline 0.001 -3"><span class='ocrx_word' id='word_1_347' title='bbox 181 3060 200 3079; x_wconf 85' lang='lat' dir='ltr'>a</span> <span class='ocrx_word' id='word_1_348' title='bbox 218 3052 380 3086; x_wconf 78' lang='lat' dir='ltr'>Emend.</span> <span class='ocrx_word' id='word_1_349' title='bbox 405 3062 452 3085; x_wconf 61' lang='grc' dir='ltr'>εκ</span> <span class='ocrx_word' id='word_1_350' title='bbox 467 3053 705 3087; x_wconf 87' lang='lat' dir='ltr'>cathecistas.</span> <span class='ocrx_word' id='word_1_351' title='bbox 724 3072 764 3076; x_wconf 90' lang='lat'>——</span> <span class='ocrx_word' id='word_1_352' title='bbox 787 3053 805 3080; x_wconf 88' lang='lat' dir='ltr'>b</span> <span class='ocrx_word' id='word_1_353' title='bbox 828 3053 909 3086; x_wconf 80' lang='lat' dir='ltr'>Del.</span> <span class='ocrx_word' id='word_1_354' title='bbox 933 3054 1052 3086; x_wconf 88' lang='lat' dir='ltr'>erant.</span> <span class='ocrx_word' id='word_1_355' title='bbox 1077 3072 1117 3076; x_wconf 91' lang='lat'><strong>—</strong></span> <span class='ocrx_word' id='word_1_356' title='bbox 1140 3062 1155 3080; x_wconf 85' lang='lat' dir='ltr'>e</span> <span class='ocrx_word' id='word_1_357' title='bbox 1175 3052 1339 3086; x_wconf 71' lang='lat' dir='ltr'>Eenend.</span> <span class='ocrx_word' id='word_1_358' title='bbox 1355 3061 1404 3086; x_wconf 64' lang='lat' dir='ltr'>em</span> <span class='ocrx_word' id='word_1_359' title='bbox 1419 3052 1548 3085; x_wconf 78' lang='lat' dir='ltr'>huius,</span> 
     </span>
    </p>
   </div>
  </div>
 </body>
</html>
