2099 3516
434 250 504 287 464
905 250 1108 286 LirrssnAE
1143 250 1487 293 QUADfflMEs'rREs

386 369 429 406 et
458 379 637 418 corpore
666 367 774 406 satis
805 370 1094 418 praestantem
1118 379 1167 406 ac
1192 365 1465 405 mediocriter
1484 366 1679 412 doctum,
1702 367 1757 405 ab
1777 379 1828 406 eo
1850 370 2004 407 sancto

388 432 628 482 proposito,
660 432 777 482 quod
810 432 975 481 pridem
1006 432 1202 471 Viennae
1234 432 1484 469 nostrorum
1508 430 1553 468 in
1575 431 1727 470 schola
1756 431 2002 482 discipulus

387 499 659 546 conceperat,
681 496 902 536 dehortari
924 498 966 535 et
985 497 1039 535 ad
1061 507 1191 535 suum
1213 495 1411 533 ordinem
1433 494 1762 545 suscipiendum
1786 495 2002 545 pellicere,

387 561 757 611 quemadmodum
787 561 881 600 suis
910 561 964 599 ad
993 561 1157 599 dictum
1191 558 1493 598 Reuerendum
1519 559 1660 598 Prem.
1684 560 1911 599 Rectorem
1936 560 2006 599 lit-

387 625 494 664 teris
523 627 709 664 testatus
738 627 816 664 est.

467 690 505 729 02.
540 690 727 729 Prehent
756 702 801 729 se
830 701 982 729 omnes
1014 690 1059 728 in
1089 689 1171 727 hoc
1202 690 1352 727 nostro
1381 688 1568 738 collegio
1589 688 1633 727 in
1659 689 1790 728 rebus
1819 689 1873 728 ab
1902 690 2004 728 obe-

388 754 554 793 dientia
597 754 810 793 iniunctis
854 754 1004 793 faciles
1041 765 1091 792 ac
1131 753 1394 802 morigeros;
1427 752 1464 791 si
1495 752 1602 803 quid
1632 755 1778 791 tamen
1808 753 2004 792 humana

389 818 626 869 fragilitate
645 818 806 857 erroris
828 819 959 858 fuerit
979 818 1238 861 admissum,
1261 819 1337 856 aut
1358 816 1527 866 aliquid
1553 828 1680 856 secus
1708 829 1839 868 quam
1871 817 2005 856 dictat

390 882 501 921 ratio
531 884 718 933 gestum,
751 882 878 922 facile
907 882 1138 922 Societatis
1182 881 1399 920 medicina
1441 883 1634 920 curatur.
1682 881 1774 921 Hoc
1813 884 2008 933 tempore

389 959 477 999 quo
507 947 797 986 tridentinum
826 947 1063 986 concilium
1094 947 1231 985 fertur
1255 957 1304 984 ac
1325 947 1527 996 speratur
1558 946 1807 996 propediem
1839 946 2006 986 instau-

390 1011 593 1058 randum,
624 1023 750 1050 sacra
778 1011 1140 1062 precationesque
1173 1009 1370 1061 quotidie
1408 1010 1534 1055 fiunt,
1567 1022 1655 1049 non
1686 1011 1781 1049 sine
1810 1011 2009 1061 corporis

389 1075 721 1118 afflictionibus,
752 1076 807 1114 ad
838 1076 1160 1126 impetrandum
1207 1074 1403 1113 foelicem
1449 1074 1645 1113 eiusdem
1688 1075 1862 1125 concilij
1909 1087 2007 1125 pro-

390 1152 606 1191 gressum,
637 1143 679 1179 et
699 1140 750 1179 ad
777 1140 1114 1190 propulsandas,
1147 1140 1236 1178 Deo
1267 1139 1519 1183 miserante,
1551 1151 1710 1189 graues
1739 1139 1847 1178 istas
1875 1139 2008 1178 eccle·

390 1204 481 1243 siae
511 1204 798 1243 calamitates.
835 1204 896 1243 De
934 1204 1224 1243 concionibus
1269 1203 1495 1253 vtriusque
1538 1203 1717 1253 linguae
1761 1203 1924 1253 pariter
1965 1205 2007 1242 et

390 1268 656 1308 lectionibus
700 1269 905 1319 publicis,
950 1280 1048 1307 cum
1082 1280 1235 1318 parum
1266 1270 1342 1306 aut
1371 1267 1459 1306 fere
1489 1267 1603 1306 nihil
1634 1268 1915 1307 immutatum
1947 1268 2005 1307 vi-

390 1333 559 1380 deatur,
591 1333 678 1372 nisi
717 1333 835 1384 quod
877 1333 1128 1372 auditorum
1176 1344 1386 1371 numerus
1416 1332 1461 1370 in
1491 1332 1699 1372 omnibus
1742 1332 2010 1372 lectionibus

391 1397 539 1449 potius
568 1400 738 1445 auctus,
770 1410 902 1449 quam
933 1397 1180 1437 diminutus
1209 1397 1281 1444 sit,
1313 1396 1428 1435 nihil
1462 1397 1742 1436 scribendum
1783 1397 2005 1438 duximus.

469 1463 508 1501 3.
540 1462 602 1501 De
631 1462 775 1501 fructu
805 1464 952 1501 autem
986 1461 1387 1501 administrationis
1430 1464 1806 1501 sacramentorum
1837 1461 1879 1500 id
1911 1462 2006 1501 bre-

390 1526 504 1565 uiter
532 1526 734 1573 dixerim,
765 1526 883 1577 quod
914 1526 1014 1565 licet
1043 1526 1114 1565 hic
1144 1526 1279 1564 moris
1309 1537 1399 1564 non
1428 1525 1486 1564 sit
1506 1527 1551 1564 vt
1579 1525 1758 1576 saepius
1787 1525 2004 1573 homines,

390 1603 524 1642 quam
553 1591 684 1630 semel
718 1591 764 1630 in
794 1603 926 1637 anno,
949 1591 1255 1638 confiteantur,
1288 1602 1430 1641 neque
1460 1593 1710 1641 promptum
1740 1591 1798 1630 sit
1827 1591 1929 1630 illos
1952 1591 2011 1630 ab

390 1656 475 1695 ista
504 1658 591 1695 tam
623 1656 866 1695 inueterata
896 1655 1215 1695 consuetudine
1245 1666 1473 1702 reuocare,
1506 1660 1736 1706 nunquam
1762 1657 1908 1694 tamen
1937 1655 2008 1695 de-

390 1721 569 1760 fuerunt
598 1720 753 1772 aliqui,
773 1720 1051 1771 potissimum
1083 1720 1289 1759 foeminei
1319 1732 1466 1766 sexus,
1490 1720 1693 1759 homines
1712 1732 1900 1771 quorum
1930 1720 2005 1771 alij

390 1786 582 1837 singulis
626 1786 867 1833 mensibus,
908 1785 981 1836 alij
1025 1797 1126 1825 vero
1169 1785 1368 1825 crebrius
1401 1785 1446 1824 id
1477 1785 1683 1833 facerent,
1729 1785 1919 1824 maxime
1961 1785 2007 1824 in

392 1850 639 1901 praecipuis
668 1850 789 1898 anni,
813 1862 862 1890 ac
882 1858 900 1876 a
926 1850 1201 1890 solemnibus
1230 1851 1368 1894 festis,
1400 1850 1579 1902 quando
1608 1851 1740 1890 etiam
1770 1851 2007 1890 admodum

390 1918 641 1955 reuerenter
668 1927 839 1954 sacram
867 1915 1177 1954 comunionem
1207 1915 1471 1966 suscipiunt.

467 1980 505 2021 4.
536 1979 760 2029 Quantum
777 1991 880 2019 vero
900 1979 956 2018 ad
972 1980 1148 2019 scholas
1170 1981 1344 2019 nostras
1364 1980 1521 2019 attinet
1545 1979 1756 2030 priuatas,
1776 1980 1850 2019 ille
1866 1979 2011 2030 magis

391 2044 620 2096 magisque
649 2044 695 2083 in
724 2044 819 2083 dies
847 2044 1000 2083 florere
1030 2044 1250 2092 videntur,
1282 2045 1390 2084 adeo
1421 2047 1466 2084 vt
1496 2044 1578 2083 viri
1609 2045 1806 2095 apprime
1835 2044 2008 2084 nobiles

390 2120 497 2148 suos
534 2109 651 2148 filios
692 2108 837 2155 nobis,
881 2121 1014 2159 quam
1057 2108 1174 2159 alijs,
1220 2109 1518 2149 instituendos
1561 2109 1774 2148 libentius
1815 2109 2007 2149 tradant.

391 2173 591 2224 Suntque
619 2173 702 2212 hoc
731 2175 925 2224 tempore
960 2173 1165 2213 nonnulli
1210 2174 1424 2213 baronum
1469 2173 1747 2224 aliorumque
1789 2173 2007 2213 nobilium

391 2237 469 2288 filij
502 2237 549 2276 in
578 2239 775 2277 nostram
804 2237 1086 2287 disciplinam
1111 2238 1310 2277 admissi.
1344 2237 1564 2277 Proximis
1592 2237 1750 2277 diebus
1779 2237 1852 2277 isti
1882 2238 2007 2277 scho-

390 2301 534 2341 lastici
564 2301 703 2341 nostri
733 2301 909 2352 publice
938 2301 1237 2341 exhibuerunt
1265 2302 1538 2341 comoediam
1561 2314 1651 2341 non
1674 2302 1822 2342 minus
1850 2314 2008 2342 venus-

389 2368 480 2406 tam
509 2377 642 2417 quam
672 2365 805 2416 piam,
837 2378 924 2416 qua
954 2366 999 2404 in
1030 2378 1074 2405 re
1103 2366 1166 2405 sic
1196 2366 1411 2416 perfuncti
1456 2369 1562 2406 sunt
1604 2366 1669 2405 illi
1713 2366 1888 2417 egregio
1926 2378 2012 2406 suo

391 2442 572 2470 munere
600 2432 784 2476 actores,
817 2432 861 2468 vt
891 2430 1076 2470 dubium
1106 2442 1196 2469 non
1226 2431 1283 2469 sit
1313 2431 1531 2470 actionem
1562 2431 1722 2470 mirum
1752 2430 1799 2470 in
1829 2431 2007 2471 modum

390 2494 599 2534 omnibus
625 2494 867 2545 placuisse;
900 2495 1148 2545 complures
1169 2496 1301 2534 etiam
1322 2507 1374 2535 ex
1404 2495 1606 2535 terrificis
1636 2495 1782 2535 verbis
1811 2507 1860 2535 ac
1889 2507 2008 2546 spec·

391 2559 471 2599 tris
501 2559 592 2598 illis
612 2560 848 2610 permotos,
871 2559 923 2598 de
944 2559 1167 2610 fugiendis
1194 2559 1314 2610 vitijs
1343 2572 1393 2599 ac
1423 2560 1663 2600 virtutibus
1692 2560 2012 2611 amplectendis-

391 2624 506 2663 serio
535 2623 766 2674 cogitasse,
797 2624 916 2674 quod
945 2624 1270 2674 deprehendere
1296 2625 1421 2665 licuit
1450 2627 1545 2664 tum
1573 2637 1626 2664 ex
1655 2625 1882 2676 spectandi
1915 2625 2008 2664 aui-

390 2688 540 2735 ditate,
585 2690 678 2727 tum
721 2699 771 2727 ex
816 2688 1079 2738 persistendi
1121 2689 1384 2730 constantia.
1418 2689 1580 2729 Omnes
1623 2689 1757 2733 enim,
1802 2689 1875 2729 vix
1919 2690 2011 2729 vllo

389 2754 585 2803 excepto,
616 2764 693 2803 per
720 2755 910 2803 quatuor
939 2753 1040 2803 plus
1069 2753 1216 2792 minus
1256 2754 1464 2794 horarum
1497 2753 1516 2779 b
1540 2754 1754 2805 spacium,
1794 2754 2008 2805 quamdiu

391 2817 558 2857 scilicet
587 2817 683 2867 ipsa
712 2817 891 2856 durauit
920 2817 1049 2865 actio,
1072 2820 1347 2858 constantem
1375 2830 1476 2858 cum
1505 2819 1684 2858 silentio
1713 2831 1764 2858 ac
1792 2819 2008 2858 modestia

452 3024 472 3044 a
491 3026 533 3049 ac
555 3025 682 3057 supra
704 3025 805 3048 vers.
829 3034 868 3038 -—
891 3016 909 3042 b
930 3016 1103 3048 horarum
1126 3026 1252 3058 supra
1275 3026 1377 3052 ver-5.
