2099 3516
458 316 538 352 609.
567 334 608 340 —
637 316 910 352 INGOLsrAmo
936 315 958 351 3
984 315 1177 351 IANUARII
1207 314 1297 350 1562
1592 313 1662 349 693

82 433 395 474 humilitatem.
421 433 550 473 Hunc
579 434 716 484 igitur
746 446 922 473 murum
952 433 1231 473 euehendum
1253 433 1412 471 Rector
1431 431 1621 476 curauit.
1654 431 1712 470 si-

84 498 263 550 mulque
304 498 451 538 locum
480 499 715 539 seruandis
745 499 896 550 lignis,
929 501 971 538 et
1002 497 1294 538 vindicandae
1335 497 1548 536 honestae
1579 495 1708 535 liber-

85 562 163 603 tati
192 565 346 614 aptum
375 562 580 603 reddidit.

160 628 200 668 4.
232 627 442 679 Superest
470 628 523 667 de
552 628 714 668 studiis
736 628 902 668 nostris
931 630 1118 668 tractare
1138 635 1171 675 ἃ,
1195 639 1308 678 quae
1338 626 1574 677 diligenter
1603 627 1714 665 trac-

83 695 260 741 tantur3
292 695 335 733 et
376 693 695 742 adEcclesiae
738 694 1021 733 commodum
1053 694 1318 733 referuntur.
1356 692 1406 731 D.
1445 691 1549 731 Pisa
1579 693 1592 715 1
1623 702 1714 730 non

82 758 179 798 sine
211 758 339 798 laude
368 758 616 809 disputauit
646 758 836 809 publice,
869 770 918 798 ac
949 758 1123 809 egregie
1167 757 1364 797 defendit
1392 756 1592 796 ordinem
1624 755 1715 795 hie-

83 823 332 863 rarchicum
374 823 422 862 in
452 823 661 869 Ecclesia,
693 825 735 862 et
765 835 941 863 sacrum
988 823 1153 863 missae
1196 821 1478 862 sacrificium.
1515 821 1571 860 M.
1605 820 1715 860 Her-

86 899 177 927 mes
205 889 235 935 2,
267 890 309 928 et
338 888 393 928 M.
440 888 661 928 Heni-icus
690 890 704 912 3
735 888 805 927 his
852 888 1083 928 mensibus
1113 887 1247 928 creati
1283 886 1534 938 theologiae
1564 886 1716 925 bacca-

83 953 239 1000 laurei,
270 955 312 993 et
358 955 531 1003 praeter
573 953 656 992 hos
686 953 740 992 M.
774 953 1047 993 Guilielmus
1091 953 1273 1000 flander,
1320 963 1462 1002 nuper
1503 963 1557 991 ex
1600 951 1716 991 Vrbe

84 1017 249 1058 missus
278 1020 306 1058 4.
331 1018 523 1069 Vterque
553 1018 789 1069 theologus
820 1018 871 1058 D.
896 1018 1214 1061 Cuuillionius,
1237 1020 1279 1057 et
1300 1018 1350 1057 D.
1376 1016 1480 1056 Pisa
1509 1016 1715 1066 frequen-

84 1083 218 1123 tiores
247 1095 381 1135 quam
425 1085 528 1122 ante
559 1095 754 1134 vnquam
799 1084 964 1123 habent
1007 1083 1249 1131 auditores,
1282 1084 1322 1122 et
1366 1082 1421 1122 ad
1464 1093 1589 1121 sacra
1620 1093 1716 1132 pro-

83 1160 245 1199 pensos
274 1148 534 1199 discipulos,
559 1150 603 1188 vt
632 1148 720 1187 iam
751 1148 1000 1199 theologica
1022 1148 1175 1187 schola
1204 1160 1303 1188 cum
1332 1147 1524 1199 juridica
1550 1148 1717 1186 certare

84 1212 298 1253 videatur.
330 1212 521 1252 Tantum
553 1212 719 1252 nostris
748 1213 970 1264 theologis
999 1213 1132 1252 etiam
1162 1212 1278 1252 docti
1310 1212 1527 1258 tribuunt,
1561 1212 1606 1250 vt
1635 1222 1716 1250 sua

83 1278 262 1329 scripta,
293 1289 407 1329 quae
451 1278 561 1317 forte
590 1278 635 1317 in
682 1278 911 1328 publicum
954 1280 1060 1317 sunt
1104 1278 1309 1325 aedituri,
1342 1277 1434 1316 illis
1477 1275 1716 1316 iudicanda

85 1343 355 1394 permittant.
388 1343 575 1394 Scripsit
604 1343 659 1383 ad
690 1345 868 1382 nostros
911 1343 1044 1382 etiam
1077 1344 1217 1383 Ill.mus
1249 1342 1466 1382 Bauariae
1509 1341 1716 1392 princeps

86 1409 266 1448 Patrum
310 1411 564 1448 nostrorum
594 1408 859 1448 sententiam
895 1409 948 1448 de
978 1408 1284 1448 vniuersitatis
1305 1407 1617 1448 reformatione
1646 1418 1717 1446 ex-

85 1476 251 1526 petens.
286 1474 518 1514 Professus
547 1476 614 1514 est
643 1474 860 1513 hactenus
904 1474 1093 1524 logicam
1125 1474 1171 1513 in
1204 1473 1421 1525 frequenti
1451 1472 1561 1512 satis
1591 1471 1715 1511 audi-

84 1539 198 1580 torio
228 1540 283 1580 M.
317 1539 515 1586 Hermes,
539 1541 582 1578 et
612 1539 865 1579 Aristotelis
895 1538 1128 1578 lectionem
1177 1539 1264 1578 iam
1295 1538 1373 1577 diu
1417 1536 1717 1577 intermissam

85 1604 132 1644 in
160 1605 359 1644 scholam
390 1604 633 1644 reuocauit.
666 1604 793 1643 Nunc
823 1616 924 1643 vero
956 1604 1071 1643 idem
1102 1603 1403 1654 Oenipontum
1432 1615 1458 1642 a
1488 1603 1584 1642 Pre.
1618 1602 1717 1641 Pro-

85 1669 268 1709 uinciali
299 1669 463 1709 missus
492 1669 711 1721 singulari
742 1681 842 1709 cum
872 1669 1014 1720 gratia
1054 1669 1357 1708 concionatur.
1401 1667 1472 1708 Sic
1501 1667 1620 1707 enim
1664 1667 1717 1706 de

84 1735 163 1775 illo
191 1735 347 1775 scribit
377 1747 492 1774 vnus
523 1735 591 1775 vel
638 1735 901 1786 praecipuus
945 1734 1037 1774 illic
1067 1734 1269 1775 Caesaris
1302 1733 1588 1774 consiliarius
1617 1735 1631 1757 ⁵
1662 1733 1717 1772 ad

86 1801 134 1841 D.
153 1800 383 1841 Canisium
403 1814 410 1840 :
436 1801 594 1840 Misisti
618 1801 673 1840 ad
694 1812 777 1840 nos
795 1800 849 1840 M.
876 1800 1124 1839 Hermetem
1146 1800 1291 1839 virum
1313 1798 1714 1850 exoptatissimum,

85 1877 217 1916 quem
248 1877 336 1905 non
358 1866 502 1905 solum
526 1878 604 1917 pro
633 1866 861 1914 concione,
884 1865 980 1905 siue
1002 1877 1163 1905 corona
1185 1865 1381 1916 grauiter
1410 1864 1715 1911 disserentem,

84 1931 161 1970 sed
189 1931 322 1970 etiam
353 1931 563 1981 priuatim
606 1943 736 1982 saepe
766 1943 816 1970 ac
847 1931 1037 1970 multum
1081 1930 1257 1975 audiui,
1289 1932 1331 1969 et
1369 1929 1499 1981 quasi
1531 1929 1717 1969 Phidiae

84 1996 262 2048 signum
297 1996 486 2036 simulac
515 1999 759 2048 aspectum.
797 1997 1031 2047 probatum
1060 1997 1144 2035 fuit
1173 1998 1203 2035 ὅ.
1224 1996 1300 2035 Est
1320 2007 1427 2035 sane
1457 1995 1588 2034 laude
1623 1996 1715 2043 tua,

85 2061 293 2113 quamuis
323 2075 347 2102 a
377 2062 694 2102 laudatissimo
727 2064 821 2102 viro
852 2062 1170 2113 proficiscatur,
1204 2062 1291 2101 fere
1331 2060 1486 2109 maior,
1520 2060 1720 2112 philoso-

147 2248 166 2267 a
186 2241 346 2272 tractare
368 2241 477 2272 linea
500 2240 696 2273 subducta
721 2242 909 2274 notatum.
924 2242 958 2273 et
984 2240 1030 2272 in
1054 2249 1179 2280 marg.
1204 2239 1397 2281 scriptum
1422 2246 1717 2271 commemorare.

149 2390 158 2407 ¹
183 2387 359 2420 Alfonsus
384 2388 469 2421 Pisa
499 2388 609 2429 (alias
639 2388 826 2428 Pisanus).
852 2389 903 2421 Cf.
930 2388 1223 2421 SOMMERVOGEL:
1252 2386 1590 2428 Biblioyraphie...
1619 2385 1716 2426 (sub.

86 2452 119 2475 v,
144 2442 252 2484 Alph.
278 2442 474 2483 Pisanus):
503 2442 677 2475 Rlvn'mssz
702 2443 955 2484 supplement
978 2452 1032 2474 (ιιι
1060 2456 1074 2471 «
1099 2443 1149 2474 De
1174 2442 1314 2474 Backer
1336 2460 1375 2464 -
1399 2440 1670 2481 Sommervogel
1687 2453 1717 2480 »,

87 2505 122 2528 n.
147 2496 250 2534 2000;
276 2495 400 2537 Epist.
426 2496 469 2528 P.
494 2496 644 2535 Nadal,
670 2496 713 2528 ΙΙ.
739 2497 888 2528 531-532.

149 2551 161 2568 ²
184 2548 341 2581 Videtur
378 2549 537 2581 indicari
575 2549 727 2582 Hermes
764 2549 1019 2582 Semicolanus
1056 2548 1311 2590 (Halbpauer),
1337 2548 1381 2580 de
1408 2557 1482 2589 quo
1504 2547 1589 2580 vide
1622 2547 1717 2580 Lite.

91 2601 297 2642 Quadrima.
322 2602 382 2641 VI,
403 2603 474 2635 782.

150 2657 162 2675 ³
184 2655 369 2688 Henricus
393 2656 591 2689 Arboreus.

150 2710 162 2728 4
186 2708 342 2741 Videtur
364 2709 425 2751 agi
450 2710 494 2741 de
516 2710 677 2751 quodam
712 2710 858 2751 collegii
883 2710 1087 2751 germanici
1119 2710 1280 2745 alumno,
1307 2710 1432 2749 potius
1455 2718 1567 2750 quam
1591 2708 1635 2741 de
1658 2707 1720 2741 So-

87 2762 235 2795 cietatis
259 2762 342 2795 Iesu
376 2763 488 2795 socio.
514 2763 565 2795 Cf.
592 2763 909 2795 BRAUNSBERGER:
945 2764 989 2796 Β.
1014 2763 1058 2796 P.
1089 2763 1247 2795 Caudsv'i
1270 2763 1393 2804 Epist.
1429 2762 1490 2798 ΙΙΙ,
1516 2762 1588 2795 232.
1614 2761 1720 2794 Certe

87 2815 126 2847 in
149 2815 317 2857 catalogo
340 2825 490 2848 romano
525 2817 594 2848 sub
618 2816 728 2849 finem
752 2817 892 2849 mensis
915 2817 1004 2848 maii
1029 2817 1118 2849 anni
1156 2817 1231 2848 1561
1258 2816 1396 2857 scripto
1419 2816 1546 2848 nullus
1569 2816 1625 2848 est
1649 2815 1720 2848 Gu-

87 2869 234 2902 lielmus
270 2869 423 2902 flander.
462 2869 514 2902 Cf.
540 2870 834 2903 SOMMERVOGEL:
873 2871 950 2903 Les
986 2870 1157 2903 Msnae'tes
1195 2870 1240 2902 de
1277 2870 1394 2902 Rome
1430 2871 1465 2902 et
1494 2869 1641 2902 Vienna
1671 2879 1719 2902 en

87 2921 132 2955 M.
158 2922 199 2954 D.
225 2922 315 2955 LXI.

149 2977 162 2994 ⁶
182 2975 339 3008 Videtur
362 2975 423 3008 hic
445 2976 562 3008 fuisse
585 2976 831 3009 Sebastianus
856 2977 938 3009 Zott
961 2977 1006 3009 de
1030 2977 1206 3018 Pernegg.
1232 2976 1284 3009 Cf.
1310 2977 1617 3014 BRAUNSBERGER,
1638 2977 1660 3009 l.
1686 2985 1717 3009 c.

87 3027 159 3067 339,
183 3028 248 3069 qui
272 3027 369 3060 hanc
393 3029 615 3069 particulam
639 3029 769 3062 edidit.

150 3082 163 3100 ⁶
185 3080 259 3114 Clc.
283 3080 448 3118 Brutus,
473 3090 503 3115 c.
528 3082 580 3114 64.
