2099 3516
403 292 471 328 750
918 292 1122 327 LITTERAE
1161 291 1503 336 QUADRIMESTRES

403 412 549 449 mento
578 410 734 449 diebus
764 409 1094 449 solennioribus
1121 421 1281 461 magna
1300 422 1399 450 cum
1421 410 1657 450 deuotione
1676 412 2014 452 communicent.

403 474 615 513 Nonnulli
647 475 869 524 praeterea
897 485 995 513 cum
1027 474 1143 524 turpi
1165 474 1397 513 haereseos
1422 474 1684 525 contagione
1713 475 1872 515 imbuti
1901 477 2018 527 apud

402 551 507 578 suos
539 539 838 589 praeceptores
867 538 1115 577 adulterina
1146 538 1335 588 quadam
1368 539 1544 589 pietatis
1579 539 1787 590 imagine,
1819 540 2019 591 aliquan-

401 603 478 642 diu
507 602 776 641 orthodoxae
820 602 919 641 fidei
964 602 1238 653 religionem,
1270 602 1418 642 nescio
1453 615 1541 654 quo
1570 605 1683 651 astu,
1715 603 2016 653 simulassent,

401 679 582 707 suorum
613 666 924 717 magistrorum
954 679 1085 717 opera
1115 667 1169 705 ad
1202 667 1425 706 meliorem
1458 670 1646 707 mentem
1671 669 1890 717 conuersi,
1913 681 2018 709 suos

402 733 530 783 plane
559 731 821 770 abiurarunt
850 743 1032 779 errores,
1064 734 1196 781 atque
1226 732 1280 771 ad
1310 743 1481 771 sacrum
1505 732 1659 772 matris
1679 733 1897 773 Ecclesiae
1926 745 2018 784 gre—

404 797 554 843 mium,
599 796 760 835 obnixe
803 808 827 834 a
872 796 1036 835 nostris
1079 798 1276 847 petentes
1319 797 1659 844 absolutionem,
1692 797 1909 848 intrepide
1951 810 2017 838 re-

400 862 590 901 dierunt.

478 928 516 966 5.
547 926 644 965 Jam
674 926 728 965 ad
759 928 1133 966 sacramentorum
1164 928 1295 977 atque
1324 926 1433 965 adeo
1462 927 1517 966 ad
1548 927 1673 966 uerbi
1716 927 1859 967 diuini
1890 928 2018 968 mini-

400 991 583 1030 sterium
613 992 763 1029 nostra
793 1002 839 1029 se
869 991 1105 1030 transferat
1134 991 1289 1030 oratio.
1321 991 1418 1030 Non
1449 991 1547 1038 fuit,
1580 992 1732 1040 fateor,
1755 992 1826 1032 his
1855 994 2018 1043 tempo-

400 1056 537 1103 ribus,
570 1055 731 1106 partim
774 1056 950 1105 propter
992 1058 1155 1105 pestem
1204 1055 1346 1105 (cuius
1389 1055 1531 1107 gratia
1568 1056 1783 1096 hactenus
1812 1057 2018 1097 solennes

399 1123 501 1160 sunt
545 1120 683 1160 factae
727 1120 958 1168 laetaniae,
991 1122 1031 1159 et
1061 1120 1259 1171 quotidie
1301 1121 1567 1160 sacrificium
1612 1121 1773 1161 missae
1801 1122 2015 1172 oblatum)

399 1185 471 1224 hic
499 1192 517 1210 a
570 1185 809 1235 pernitiose
838 1186 1082 1235 grassante,
1133 1184 1292 1234 partim
1345 1187 1523 1235 propter
1551 1185 1829 1236 imperatoris
1871 1188 1913 1225 et
1955 1198 2018 1226 re-

398 1249 466 1300 gis
496 1249 785 1288 Maximiliani
817 1248 1076 1292 discessum,
1108 1248 1147 1287 is
1175 1248 1479 1288 confitentium
1510 1251 1641 1300 atque
1661 1249 1931 1289 dominicum
1957 1250 2017 1289 al-

397 1316 490 1353 tare
520 1314 894 1365 frequentantium
937 1325 1164 1360 numerus,
1196 1314 1271 1364 qui
1317 1314 1496 1353 Patrum
1540 1316 1791 1353 nostrorum
1821 1316 2018 1365 expecta-

397 1378 507 1417 tioni
538 1379 697 1417 faceret
726 1378 862 1422 satis;
887 1378 995 1417 adeo
1026 1380 1172 1417 tamen
1193 1390 1281 1417 non
1312 1380 1377 1417 est
1405 1378 1489 1418 hac
1518 1378 1564 1417 in
1586 1390 1630 1417 re
1652 1378 1833 1418 remisse
1853 1381 2014 1427 actum,

398 1446 445 1482 ut
473 1443 721 1483 sacerdotes
751 1443 890 1482 nostri
920 1443 991 1482 his
1023 1444 1152 1482 rebus
1182 1444 1355 1482 tantum
1386 1454 1568 1482 uacasse
1597 1443 1922 1494 quodammodo
1952 1443 2017 1483 ui-

397 1509 597 1548 deantur.
631 1508 845 1547 Nonnulli
875 1507 993 1547 enim
1024 1508 1255 1558 utriusque
1284 1519 1417 1547 sexus
1459 1508 1663 1547 homines
1696 1509 1921 1548 anteactae
1949 1510 2016 1548 to-

398 1573 487 1613 tius
517 1573 634 1612 uitae
664 1573 850 1612 crimina
883 1572 1070 1611 maxima
1101 1584 1200 1612 cuni
1230 1572 1494 1612 contritione
1515 1575 1554 1612 et
1582 1572 1719 1612 animi
1750 1572 2016 1613 demissione

397 1638 561 1677 nostris
590 1638 802 1678 detexere..
833 1637 920 1676 Nec
962 1637 1196 1676 defuerunt
1225 1638 1452 1692 hactenus,
1484 1638 1560 1688 qui
1590 1637 1812 1677 dominico
1841 1649 2016 1689 quoque

396 1702 467 1741 die
500 1702 869 1753 augustissimum
900 1701 916 1726 Ι)
937 1714 1086 1740 sacrae
1129 1713 1347 1753 synaxeos
1389 1704 1714 1741 sacramentum
1756 1704 2012 1753 repeterent.

398 1767 583 1807 Plurimi
613 1767 688 1817 qui
719 1767 853 1806 semel
882 1767 1099 1806 duntaxat
1136 1768 1211 1805 aut
1255 1767 1414 1806 iterum
1452 1767 1651 1817 quolibet
1693 1778 1811 1806 anno
1839 1767 2016 1806 confite—

396 1833 572 1880 bantur,
604 1832 941 1871 saluberrimum
988 1831 1100 1870 illud
1143 1831 1357 1870 aduersus
1386 1843 1516 1871 omne
1545 1831 1755 1871 uitiorum
1795 1843 2014 1872 uenenum

396 1897 532 1936 animi
554 1897 956 1947 alexipharmacum
980 1896 1317 1947 frequentarent.
1338 1896 1403 1935 Ad
1428 1897 1533 1935 haec
1555 1896 1697 1936 vocati
1718 1898 1824 1936 sunt
1840 1897 2014 1936 interim

396 1961 535 2000 nostri
566 1962 717 2000 Patres
759 1961 814 2000 ad
857 1960 1138 2011 excipiendas
1184 1961 1485 2000 confessiones
1531 1961 1698 2000 ciuium
1736 1961 2013 2012 quorundam

396 2029 516 2077 peste
546 2027 859 2072 laborantium,
891 2038 1003 2077 quos
1033 2037 1194 2076 magna
1223 2037 1322 2064 cum
1344 2026 1531 2065 aliorum
1555 2026 1860 2065 aedificatione
1889 2026 2015 2066 iuua-

397 2094 511 2131 runt.
537 2091 642 2130 Tres
671 2103 723 2130 ex
756 2091 917 2130 nostris
937 2091 1269 2130 concionatores
1291 2091 1487 2138 germani
1510 2093 1647 2130 statas
1669 2091 1833 2130 habent
1857 2091 2014 2131 diebus

396 2156 519 2195 festis
549 2158 680 2206 atque
709 2155 945 2195 dominicis
974 2155 1232 2201 conciones;
1261 2155 1349 2194 duo
1379 2155 1424 2194 in
1456 2157 1606 2195 nostra
1628 2155 1826 2201 ecclesia,
1858 2155 2014 2195 tertius

396 2220 438 2259 in
470 2220 745 2259 xenodochio
774 2220 956 2259 ciuium.
990 2220 1074 2269 Qui
1104 2232 1257 2258 omnes
1296 2232 1478 2259 suorum
1522 2220 1723 2259 laborum
1767 2220 2013 2259 uberrimos

396 2285 564 2324 fructus
593 2297 692 2324 cum
723 2285 922 2323 omnium
953 2287 1204 2323 nostrorum
1246 2296 1404 2335 magna
1447 2284 1750 2324 consolatione
1793 2286 2013 2335 reportare

395 2350 551 2389 solent.
585 2351 785 2389 Matrona
813 2350 1044 2401 quaedam,
1078 2361 1165 2388 non
1210 2350 1350 2389 infimi
1386 2350 1503 2400 apud
1535 2349 1797 2389 viennenses
1826 2349 2010 2397 ordinis,

395 2426 493 2454 cum
538 2414 690 2454 multis
739 2415 825 2453 iam
857 2414 1012 2453 diebus
1043 2426 1066 2452 a
1097 2414 1282 2453 demone
1327 2416 1573 2462 uexaretur,
1620 2413 1681 2453 ita
1727 2416 1774 2453 ut
1811 2413 1907 2453 eius
1949 2413 2013 2452 in-

394 2479 557 2519 stinctu
588 2482 714 2519 nocte
743 2480 933 2530 quadam
964 2479 1225 2529 intempesta
1258 2479 1475 2518 uiolentas
1496 2479 1583 2518 iam
1613 2479 1700 2518 iam
1730 2490 1811 2518 suo
1840 2477 2012 2528 corpori

395 2556 553 2583 manus
583 2544 743 2583 inferre
772 2543 1077 2583 crudelissime
1116 2546 1362 2594 appararet,
1395 2544 1472 2582 illa
1515 2545 1706 2594 repente,
1738 2543 1893 2582 diuina
1921 2542 2012 2593 opi-

394 2609 564 2648 tulante
593 2608 748 2659 gratia,
781 2608 827 2647 in
857 2620 902 2647 se
931 2608 1139 2647 nonnihil
1161 2620 1352 2656 reuersa,
1375 2608 1503 2659 quasi
1527 2619 1691 2647 memor
1710 2619 1876 2655 eorum,
1899 2618 2011 2658 quae

394 2685 471 2723 pro
514 2673 719 2713 contione
748 2685 772 2712 a
804 2672 967 2712 nostris
1013 2673 1254 2723 aliquando
1304 2675 1553 2723 perceperat
1587 2680 1616 2721 0,
1665 2673 1712 2712 in
1754 2671 2010 2712 huiusmodi

395 2739 529 2777 uerba
550 2738 805 2789 prorupisse
826 2738 985 2777 fertur:
1010 2737 1203 2785 Vtinam,
1227 2738 1391 2777 vtinam
1417 2740 1493 2777 aut
1512 2737 1810 2785 concionator,
1833 2738 1910 2776 aut
1929 2736 2010 2775 ali-

393 2803 494 2853 quis
515 2803 699 2842 fratrum
721 2802 952 2842 Societatis
973 2802 1074 2841 IHV
1103 2802 1174 2841 hic
1198 2802 1307 2841 mihi
1328 2802 1522 2841 adesset!
1556 2801 1640 2842 Sed
1659 2813 1758 2841 cum
1780 2801 1824 2841 id
1845 2801 2011 2840 videret

394 2879 482 2906 non
513 2879 640 2917 posse
670 2867 778 2915 fieri,
811 2867 956 2906 orauit
985 2866 1223 2906 Dominum
1256 2867 1376 2915 IHM,
1410 2869 1456 2906 ut
1485 2867 1608 2906 illam
1651 2867 1806 2906 saltem
1837 2867 2008 2905 noctem

453 3068 471 3087 a
490 3060 529 3091 hi
559 3070 628 3093 ms.
668 3079 706 3083 -
731 3061 748 3087 b
769 3061 1068 3102 augistissimuni
1092 3070 1162 3093 ms.
1187 3080 1225 3083 —
1249 3070 1264 3089 (τ
1307 3061 1540 3102 percaeperat
1564 3069 1635 3093 ms.
