2099 3516
545 249 626 285 518.
652 270 697 274 —
723 249 965 284 VINDOBONA
994 248 1009 283 1
1040 247 1140 283 MA11
1170 246 1255 282 1561
1597 245 1668 282 0285

87 370 332 416 doctorum,
364 368 688 419 religiosorum,
720 379 771 406 ac
799 366 999 406 omnium
1029 366 1220 415 denique
1245 365 1472 415 Vtriusque
1493 376 1642 411 sexus,
1666 376 1715 403 ac

88 434 235 474 omnis
263 433 533 474 conditionis
562 432 793 472 hominum
828 431 1049 482 applausu
1088 433 1130 470 et
1177 429 1440 481 frequentia,
1491 431 1535 468 vt
1582 440 1715 479 supra

88 501 263 539 centum
293 500 416 538 extra
446 498 561 537 fores
591 496 763 548 collegij
797 496 1020 536 astiterint
1048 495 1217 546 procul.
1250 494 1361 534 Acta
1389 496 1469 540 est,
1516 494 1714 545 inquam,

89 575 166 615 per
194 563 392 614 quinque
421 563 630 602 horarum
661 561 856 613 spatium
887 563 914 600 1.

171 629 233 668 10.
266 628 322 668 Vt
351 628 406 668 ad
453 629 830 667 sacramentorum
878 628 1010 677 atque
1057 625 1202 665 diuini
1250 624 1372 664 verbi
1420 623 1718 663 ministerium

90 693 338 745 procedam,
371 693 454 732 fuit
484 692 555 732 his
584 691 814 731 mensibus
844 691 1002 742 ingens
1031 689 1335 730 confitentium
1381 690 1514 740 atque
1560 688 1719 728 eucha-

89 758 260 798 ristiam
308 757 646 809 suscipientium
695 768 923 801 numerus,
975 755 1203 806 maiorque
1251 754 1430 794 iuturus
1478 753 1635 800 fuerat,
1680 752 1718 792 si

89 823 243 874 regina
272 822 511 862 Bohemiae
558 834 649 861 non
678 821 767 860 alio
796 820 1133 871 commigrasset
1160 822 1190 859 ².
1223 818 1412 858 Plurimi
1459 818 1536 869 qui
1584 817 1719 857 semel

89 888 320 935 duntaxat,
352 890 429 928 aut
457 888 632 934 iterum,
663 887 863 938 quolibet
887 898 1006 926 anno
1026 885 1366 932 confitebantur,
1389 884 1520 923 modo
1540 883 1720 934 saepius

90 953 135 993 id
165 953 361 993 fecerunt
390 953 548 993 diebus
576 951 875 999 solemnibus,
907 963 988 991 nec
1017 950 1147 1002 pauci
1194 962 1247 989 ex
1295 949 1454 988 vicinis
1497 947 1721 999 parochiis

91 1018 144 1057 ad
176 1029 258 1057 nos
287 1017 610 1057 confluxerunt.
643 1016 850 1057 Mulieres
893 1016 1106 1055 honestae
1153 1014 1208 1054 ad
1255 1025 1362 1054 suos
1408 1013 1627 1064 parochos
1656 1024 1720 1052 re-

91 1083 253 1122 missae
282 1083 461 1122 suerunt
490 1083 547 1121 ob
577 1084 831 1121 nostrorum
864 1080 1236 1120 confessariorum
1268 1078 1515 1130 penuriam,
1547 1080 1589 1118 et
1609 1080 1655 1117 vt
1675 1078 1721 1117 in

91 1148 186 1188 suis
219 1147 440 1199 parochiis
469 1159 640 1187 sacram
670 1146 986 1186 eucharistiam
1015 1153 1034 1172 a
1064 1145 1354 1196 susciperent.
1391 1144 1530 1191 Vnde,
1563 1146 1611 1183 ut
1641 1144 1722 1183 fer-

90 1215 178 1261 tur,
222 1213 474 1264 lachrymas
521 1213 676 1252 vberes
723 1211 983 1251 fundebant.
1035 1210 1177 1257 Aliae,
1226 1209 1392 1261 quibus
1438 1209 1587 1248 ablata
1630 1211 1723 1248 erat

91 1278 449 1318 communicandi
480 1277 526 1317 in
556 1279 708 1317 nostra
736 1277 843 1316 aede
873 1277 1076 1323 facultas,
1108 1274 1317 1327 quamuis
1364 1274 1530 1314 nostris
1576 1276 1723 1314 essent

91 1344 335 1391 confessae,
367 1343 514 1383 modis
560 1343 770 1383 omnibus
804 1342 1145 1389 contendebant,
1180 1342 1238 1388 vt,
1271 1340 1402 1379 nobis
1430 1339 1560 1391 quasi
1589 1340 1722 1379 etiam

92 1409 264 1458 inuitis,
296 1409 383 1455 hic,
419 1411 461 1448 et
507 1420 599 1448 non
646 1408 692 1448 in
740 1408 835 1448 suis
883 1407 1107 1458 parochiis
1153 1405 1545 1446 communicarent.
1597 1405 1724 1444 Aliae

92 1486 248 1515 rursus
277 1474 597 1522 irascebantur,
629 1485 680 1513 ac
708 1473 866 1513 durius
895 1473 1095 1512 tulerunt
1123 1484 1170 1511 se
1199 1470 1328 1523 quasi
1353 1482 1431 1521 per
1450 1482 1532 1510 nos
1553 1482 1578 1509 a
1598 1482 1724 1510 sacro

92 1540 223 1580 altari
252 1539 405 1591 repelli
434 1541 670 1579 causantes
699 1540 847 1578 tamen
878 1537 1012 1577 minis
1041 1536 1326 1589 quibusdam,
1376 1535 1494 1587 quod
1528 1535 1724 1586 amplius

93 1618 183 1652 non
213 1607 361 1645 essent
389 1605 445 1644 ad
475 1616 557 1644 nos
587 1604 807 1644 rediturae
837 1615 966 1655 agere
996 1603 1117 1642 visae
1147 1603 1266 1642 sunt.
1308 1601 1432 1641 Adeo
1462 1601 1604 1652 placet
1633 1601 1725 1640 illis

92 1671 246 1722 templi
276 1670 416 1710 nostri
445 1670 608 1713 cultus,
640 1669 759 1709 nitor
800 1680 851 1708 ac
898 1668 1160 1708 reuerentia.
1208 1668 1361 1718 Itaque
1408 1666 1455 1705 in
1503 1665 1726 1705 mandatis

93 1737 309 1777 dederunt
337 1735 579 1775 cardinalis
609 1735 776 1774 Hosius
797 1736 839 1774 et
862 1733 1123 1773 viennensis
1151 1732 1170 1758 b
1201 1732 1437 1783 episcopus
1457 1743 1512 1770 ne
1532 1730 1726 1781 amplius

93 1813 306 1853 negemus
335 1801 434 1841 istis
463 1801 621 1840 horum
652 1802 1046 1847 sacramentorum,
1096 1798 1229 1838 etiam
1276 1797 1467 1848 paschae
1513 1798 1723 1847 tempore,

94 1865 540 1907 administrationem.
591 1865 731 1905 Feriis
778 1863 1102 1916 purificationis
1149 1863 1303 1902 beatae
1333 1861 1496 1901 Mariae
1526 1860 1724 1907 trecenti,

94 1932 289 1982 exceptis
330 1931 496 1971 nostris
543 1933 585 1970 et
631 1930 847 1970 studiosis
894 1929 1118 1976 omnibus,
1168 1927 1441 1967 dominicum
1489 1938 1650 1976 corpus
1680 1925 1726 1965 in

95 1997 259 2048 templo
290 1999 442 2036 nostro
475 1998 781 2047 susceperunt.
833 1994 1224 2034 Xenodochiorum
1254 1995 1296 2032 et
1326 1991 1591 2032 Academiae
1621 2003 1728 2042 pau-

96 2074 235 2114 peres,
267 2074 379 2114 quos
410 2062 540 2112 volgo
571 2061 643 2101 hic
671 2073 806 2100 aureo
855 2062 1091 2099 montanos
1121 2058 1363 2110 appellant,
1395 2059 1438 2097 et
1466 2056 1543 2107 qui
1574 2056 1621 2096 in
1650 2068 1728 2096 no-

96 2128 320 2174 socomiis,
343 2127 413 2167 vel
434 2127 714 2178 imperatoris
734 2126 804 2166 Vel
825 2125 1037 2173 ciuitatis,
1061 2136 1190 2175 aegre
1210 2124 1347 2163 vitam
1364 2125 1518 2175 agunt,
1537 2122 1729 2173 denique

96 2194 173 2245 qui
203 2196 280 2234 aut
309 2193 479 2233 horridi
508 2192 696 2232 carceris
725 2194 832 2231 sunt
861 2191 1083 2242 angustiis
1120 2189 1419 2240 circumsepti,
1451 2190 1528 2228 aut
1558 2200 1636 2239 pro
1667 2188 1728 2227 fo-

96 2260 222 2299 ribus
251 2259 391 2299 nostri
426 2258 579 2309 templi
626 2257 919 2297 eleemosinas
965 2255 1269 2302 emendicant;
1319 2255 1552 2294 coelestem
1600 2253 1729 2293 illum

98 2338 272 2378 panem,
321 2337 409 2377 quo
456 2324 803 2376 augustissimos
845 2323 1007 2375 jubilei
1055 2322 1225 2362 fructus
1271 2322 1663 2372 consequerentur,
1704 2331 1728 2358 a

97 2391 264 2432 nostris
293 2392 594 2442 perceperunt.
627 2389 754 2430 Circa
782 2389 899 2428 idem
928 2390 1104 2439 tempus
1133 2386 1322 2427 consilio
1352 2385 1553 2425 Rectoris
1587 2384 1728 2424 nostri

98 2469 188 2497 non
218 2468 385 2508 paruus
414 2457 480 2496 est
508 2456 678 2495 abusus
707 2455 760 2494 de
791 2454 936 2493 medio
965 2453 1185 2493 sublatus.
1210 2451 1401 2502 Quidam
1421 2450 1556 2499 enim,
1580 2449 1730 2489 nescio

98 2534 188 2574 quo
208 2523 409 2573 pretextu
431 2520 623 2572 pietatis,
647 2519 787 2560 multo
808 2521 1003 2570 tempore
1024 2519 1193 2569 absque
1213 2517 1304 2557 vllo
1324 2516 1535 2567 scrupulo
1557 2516 1729 2554 tantum

99 2587 224 2627 nefas
253 2594 269 2613 0
302 2586 629 2638 perpetrabant,
665 2587 711 2624 vt
741 2584 912 2624 hostias
932 2595 1023 2623 non
1043 2584 1324 2623 consecratas
1344 2593 1423 2633 pro
1443 2579 1728 2627 consecratis,

100 2663 259 2704 panem
275 2663 446 2691 merum
463 2662 541 2702 pro
557 2661 661 2690 Vero
678 2649 843 2690 Christi
858 2660 1041 2700 corpore
1056 2647 1326 2700 quibusdam
1341 2645 1569 2697 paschatis
1588 2643 1607 2670 d
1625 2646 1732 2684 tem-

162 2831 181 2850 a
213 2822 365 2855 sinaxin
387 2821 432 2854 Β.
458 2839 497 2844 -
520 2820 538 2848 b
569 2820 760 2853 vienensis
783 2819 829 2853 A.
854 2838 894 2842 —
917 2828 933 2847 c
968 2819 1111 2861 nephas
1134 2818 1181 2852 A.
1205 2836 1246 2841 —
1268 2816 1287 2844 d
1319 2817 1484 2859 pascatis
1507 2816 1557 2848 A..

164 2991 176 3009 ¹
198 2988 250 3022 Cf.
275 2988 401 3021 Dona:
430 2987 658 3020 Geschiohte
681 2986 753 3020 der
772 2986 993 3020 Jesm'ten...
1017 2985 1045 3025 I,
1069 2985 1142 3019 332.

164 3045 178 3063 ¹¹
199 3042 243 3075 In
264 3042 394 3075 urbem
416 3041 595 3074 nimirum
618 3039 995 3074 Wiener-Naustadt.
1021 3038 1073 3073 Cf.
1097 3038 1244 3071 Laim'i
1268 3036 1442 3070 Monum.
1468 3035 1510 3075 V,
1534 3035 1606 3068 438.
