2099 3516
258 274 327 311 603
341 274 402 309 bis,
430 297 471 300 -—
499 275 729 312 MONACHIO.
757 276 872 312 ORDO
899 286 1096 312 CLASSIUM
1124 287 1170 312 ET
1197 287 1535 313 PRAEan'rmNUM
1600 278 1669 314 673

194 394 397 436 Secunda
426 394 536 433 hora
565 394 777 444 repetitur
813 395 1116 445 grammatica,
1148 395 1342 445 exeeptis
1372 395 1530 434 diebus
1560 396 1714 435 martis

87 463 130 501 et
159 460 347 508 veneris,
378 459 544 511 quibus
573 458 737 498 dantur
770 459 964 498 themata
1007 460 1318 511 componendi,
1350 462 1391 499 et
1424 460 1717 500 emendantur

87 524 446 577 compositiones.

193 589 342 630 Tertia
370 588 650 639 explicantur
680 588 850 639 Horatij
884 588 1119 629 Sermones
1160 601 1260 628 cum
1296 600 1469 628 annexa
1509 589 1717 640 prosodia

88 654 383 707 Despauterij.
661 697 671 713 ·
912 652 914 654 ’

193 720 274 760 Die
302 719 511 760 sabbathi
541 719 651 758 hora
681 719 822 769 prima
852 720 1092 760 lectionum
1122 732 1148 759 a
1177 719 1364 770 prandio
1395 719 1649 771 disputatur
1670 719 1716 759 in

87 785 230 837 prima
259 787 301 825 et
329 785 391 825 92.ss
412 784 553 824 classe
582 783 774 834 publice.

192 851 320 891 Mane
358 861 463 890 uero
507 850 766 900 repetuntur
809 850 1021 890 lectiones
1066 861 1220 890 omnes
1263 850 1402 889 totius
1444 849 1718 901 septimanae

87 916 281 957 auditae.

196 982 244 1021 ΙΝ
276 991 436 1021 CLAssss
466 990 782 1020 GRAMMATICES
812 991 966 1020 PRIMA.
999 980 1120 1030 Quae
1151 982 1355 1020 externos
1385 980 1520 1020 habet
1542 981 1607 1020 40.

193 1046 309 1086 Ante
338 1045 576 1097 prandium
606 1045 666 1084 7121
689 1045 799 1084 hora
829 1046 1099 1097 praelegitur
1120 1046 1263 1097 prima
1283 1058 1386 1097 pars
1407 1045 1717 1097 grammatices

88 1110 365 1162 Despauterij
374 1142 381 1150 .

192 1175 318 1216 Nona
347 1175 457 1215 hora
486 1174 765 1225 explicantur
794 1174 1008 1225 epistolae
1038 1174 1264 1215 Ciceronis
1295 1174 1550 1215 familiares,

193 1241 299 1280 Post
331 1240 584 1291 prandium.
617 1239 765 1279 Prima
811 1240 920 1278 hora
963 1242 1228 1279 enarrantur
1268 1240 1452 1291 Vergilij
1494 1240 1717 1281 Bucolica.

192 1305 394 1346 Secunda
422 1305 533 1345 hora
563 1304 827 1356 proponitur
856 1305 1058 1355 syntaxis
1088 1305 1383 1356 Despauterij.

193 1370 341 1410 Tertia
369 1370 479 1410 hora
508 1369 711 1421 repetitio
732 1369 925 1420 diligens
952 1370 1218 1418 instituitur,
1241 1370 1556 1410 examinantur
1584 1370 1717 1410 etiam

85 1436 332 1487 composita
363 1436 572 1475 themata.

191 1501 271 1541 Die
313 1500 520 1541 sabbathi
566 1500 614 1539 fit
655 1500 915 1550 disputatio,
948 1503 989 1539 et
1032 1503 1291 1551 repetuntur
1334 1501 1547 1541 lectiones
1576 1500 1714 1540 totius

86 1567 377 1618 septimanae.

194 1632 242 1671 IN
272 1642 431 1672 CLASSE
461 1641 777 1671 GRAMMATICES
812 1640 1027 1670 SECUNDA.
1061 1630 1182 1680 Quae
1212 1633 1417 1671 externos
1447 1631 1580 1671 habet
1610 1632 1676 1671 56.

193 1698 310 1738 Ante
339 1697 576 1749 prandium
608 1697 630 1736 7
661 1697 770 1736 hora
815 1697 1084 1747 praelegitur
1127 1697 1295 1736 rudiori
1340 1697 1541 1737 Minerua
1574 1709 1716 1749 gram-

86 1763 246 1803 matica
276 1762 572 1814 Despauterij.

192 1827 318 1868 Nona
347 1828 457 1867 hora
486 1827 700 1878 repetitur
729 1827 859 1867 lectio
891 1829 992 1866 ante
1022 1827 1190 1876 habita,
1223 1829 1263 1867 et
1299 1829 1558 1867 exercentur
1586 1827 1717 1867 disci-

87 1893 181 1944 puli
211 1893 258 1932 in
287 1892 491 1944 diligenti
522 1892 834 1932 declinatione.

192 1958 298 1998 Post
327 1957 563 2009 prandium
594 1957 785 1997 traditur
815 1957 1017 2008 syntaxis
1048 1958 1263 2008 quaedam
1296 1957 1611 2008 compendiosa
1637 1970 1716 2008 pro

85 2025 215 2075 captu
238 2023 374 2063 huius
394 2022 552 2062 classis
576 2034 829 2073 puerorum,
848 2024 891 2062 et
911 2022 1224 2069 catechismus,
1243 2023 1319 2061 sed
1340 2023 1525 2062 alternis
1541 2023 1713 2062 diebus.

192 2088 398 2141 Secunda
425 2088 534 2127 hora
563 2090 822 2127 exercentur
853 2088 976 2139 pueri
1008 2088 1053 2126 in
1084 2090 1176 2127 arte
1206 2088 1443 2127 scribendi.

192 2152 339 2192 Tertia
368 2152 477 2192 hora
506 2152 829 2203 praeleguntur
860 2152 1022 2203 Aesopi
1055 2152 1245 2192 fabulae.

191 2218 272 2258 Die
315 2217 469 2257 martis
512 2219 554 2257 et
598 2218 772 2257 veneris
818 2218 1012 2257 secunda
1056 2218 1294 2257 lectionum
1336 2218 1446 2256 hora
1474 2230 1499 2256 a
1530 2218 1717 2268 prandio

85 2283 216 2323 datur
235 2283 383 2323 thema
404 2282 460 2322 ad
480 2283 788 2333 componenda
810 2282 1031 2333 epistolia.
1056 2282 1135 2321 Die
1156 2282 1363 2321 sabbathi
1394 2282 1443 2322 fit
1472 2282 1717 2333 disputatio

85 2350 128 2388 et
157 2348 359 2400 repetitio
388 2347 646 2388 lectionum.

194 2413 242 2452 IN
273 2423 433 2453 CLAssr]
463 2422 778 2452 GRAMMATICES
809 2423 982 2452 TERTIA.
1016 2411 1137 2462 Quae
1166 2414 1371 2451 externos
1401 2412 1535 2451 habet
1562 2412 1627 2453 63.

193 2477 308 2518 Ante
336 2477 573 2529 prandium
604 2477 715 2516 hora
745 2478 804 2517 7.Ἰ
828 2477 1080 2517 memoriter
1109 2477 1295 2516 recitant
1324 2476 1542 2528 principia
1573 2488 1717 2528 grani-

89 2541 285 2582 matices.

193 2607 315 2647 Hora
343 2608 368 2647 9
397 2607 667 2659 praelegitur
697 2606 803 2647 Cato
833 2608 886 2647 de
918 2607 1115 2647 moribus
1147 2618 1398 2658 puerorum.

193 2673 300 2713 Post
328 2673 564 2724 prandium
597 2672 740 2723 prima
769 2673 877 2712 hora
908 2673 1060 2712 eadem
1104 2671 1338 2723 principia,
1370 2674 1419 2711 ut
1448 2683 1598 2722 supra,
1630 2684 1717 2712 me-

87 2737 268 2778 moriter
297 2738 552 2778 recitantur.

192 2802 394 2843 Secunda
424 2804 535 2842 hora
564 2805 824 2842 exercentur
853 2803 900 2842 in
930 2805 1023 2843 arte
1053 2804 1164 2842 bene
1193 2802 1431 2843 scribendi.

193 2868 341 2908 Tertia
370 2869 478 2907 hora
509 2868 695 2907 recitant
724 2868 1041 2908 catechismum
1072 2871 1113 2907 et
1147 2868 1325 2907 discunt
1354 2867 1623 2918 pedetentim
1654 2868 1717 2907 lo-

87 2933 251 2992 quendi
282 2933 481 2984 phrases.

192 2998 273 3039 Die
301 2999 509 3039 sabbathi
539 3001 641 3038 ante
671 3001 713 3038 et
742 3001 841 3050 post
880 2999 1118 3050 prandium
1162 2999 1374 3038 lectiones
1416 2998 1555 3038 totius
1585 2998 1718 3049 septi-

88 3075 246 3104 manae
275 3065 550 3115 repetuntur.

158 3151 317 3180 [ιη-τευ»)
337 3151 613 3186 QuAanESTREs.
638 3167 666 3172 -
687 3151 767 3180 Toni.
794 3151 860 3179 VII.
1612 3151 1646 3178 43
