2099 3516
372 230 439 264 160
838 232 1042 269 LITTERAE
1080 234 1423 278 QUADRIMESTRES

325 347 513 386 multum
543 348 598 387 ad
627 349 906 389 deuotionem
948 350 1240 402 pietatemque
1268 351 1497 398 excitatur,
1529 352 1589 391 ita
1620 355 1665 392 ut
1696 354 1825 393 modo
1856 354 1938 393 fre—

324 414 522 462 quenter,
554 413 684 452 etiam
715 414 817 464 alijs
842 415 998 454 diebus
1019 416 1349 455 comunicantes
1371 416 1629 461 habeamus.
1654 430 1741 458 non
1766 421 1937 458 tantum

324 475 559 517 dominicis
602 489 652 517 ac
694 478 818 518 festis
864 479 1035 518 diebus.
1084 480 1132 518 [n
1176 480 1272 519 loco
1303 480 1354 521 D.
1385 480 1605 520 Lamberti
1652 483 1939 522 concionatur

324 540 379 579 M.
412 540 651 591 Gregorius
681 545 708 590 ¹,
759 543 834 594 qui
866 546 913 583 ut
942 543 1051 582 satis
1081 545 1239 583 bonam
1276 545 1462 595 gratiam
1506 546 1652 593 habet,
1685 547 1746 585 ita
1775 547 1938 597 populo

323 604 456 643 etiam
479 617 566 645 non
597 618 750 657 parum
774 608 928 657 placet.
950 608 1000 646 D.
1025 608 1285 648 Lambertus
1313 611 1461 648 tamen
1491 612 1666 660 propter
1694 611 1938 650 doctrinam

325 670 465 721 magis
494 671 779 712 desideratur.
816 673 862 711 [n
892 673 1003 712 festo
1034 673 1356 723 purificationis
1384 676 1426 713 et
1455 674 1677 714 dominica
1720 676 1936 726 sequenti,

323 735 502 785 quando
531 736 662 775 etiam
708 737 919 776 iubileum
967 737 1295 788 percipiendum
1338 739 1672 785 concedebatur,
1720 740 1834 779 ultra
1862 740 1940 779 300

324 810 550 849 personae,
584 801 748 840 nostris
789 802 997 852 exceptis,
1042 803 1268 842 confessae
1297 805 1428 854 atque
1470 805 1819 844 communicatae
1849 806 1939 844 fue-

324 866 450 911 runt;
482 876 561 904 nec
590 865 744 904 dubito
774 866 810 905 si
842 867 990 916 plures
1010 867 1257 907 adfuissent
1286 868 1559 919 confessarij‚
1591 870 1699 920 quin
1729 870 1775 909 in
1804 870 1940 920 duplo

323 929 696 968 comunicantium
742 930 958 970 extitisset
991 931 1140 982 001113,
1173 932 1300 971 multi
1339 932 1455 971 enim
1485 934 1541 972 ob
1570 934 1939 973 confessariorum

324 993 569 1042 penuriam,
615 997 691 1033 aut
738 994 1084 1043 intermiserunt,
1131 999 1207 1035 aut
1249 997 1337 1036 alio
1380 1009 1426 1036 se
1469 998 1773 1045 contulerunt3
1823 999 1941 1049 quod

323 1057 596 1097 sacristanus
625 1059 758 1098 etiam
788 1060 834 1098 in
864 1060 966 1110 alijs
996 1060 1315 1100 festiuitatibus
1346 1062 1507 1101 factum
1539 1062 1717 1112 saepius
1745 1063 1941 1102 animad-

326 1123 467 1179 uertit.
517 1123 615 1162 [stis
658 1124 830 1168 diebus,
877 1125 982 1163 baro
1026 1125 1201 1175 quidem
1249 1126 1480 1173 bohemus,
1512 1127 1587 1177 qui
1637 1127 1682 1166 in
1726 1127 1818 1167 uita
1861 1139 1942 1166 sua

324 1199 550 1238 nunquam
577 1191 670 1227 erat
689 1189 933 1237 confessus,
965 1193 1007 1229 et
1028 1190 1180 1229 multis
1209 1191 1432 1230 erroribus
1462 1194 1592 1242 atque
1637 1192 1938 1242 pi‹i·cardorum

323 1251 422 1291 labe
466 1252 669 1300 infectus,
718 1266 791 1304 per
833 1255 1153 1294 confessionem
1221 1256 1438 1295 Ecclesiae
1487 1256 1606 1295 filius
1650 1259 1713 1296 est
1743 1257 1938 1297 effectus.

324 1316 453 1355 Alius
482 1317 661 1367 quidam
708 1319 937 1363 bohemus,
983 1319 1113 1358 etiam
1145 1320 1219 1370 qui
1253 1332 1326 1370 per
1357 1321 1405 1359 18
1433 1333 1576 1360 annos
1618 1321 1939 1360 confessionem

323 1381 633 1428 intermiserat,
666 1385 915 1422 nostrorum
960 1396 1092 1434 opera
1134 1385 1455 1424 confessionem
1487 1386 1736 1436 resumpsit.
1769 1385 1940 1425 Similia

326 1458 497 1496 possem
530 1448 655 1497 plura
693 1448 863 1495 referre,
887 1449 962 1488 sed
1000 1449 1203 1488 breuitati
1230 1451 1496 1490 studendum
1527 1453 1568 1489 et
1598 1451 1737 1490 literis
1766 1452 1941 1501 quadri·

324 1512 561 1551 mestribus
591 1514 857 1552 reseruanda
888 1514 1142 1553 huiusmodi
1173 1527 1343 1554 censeo.

401 1577 438 1615 4.
470 1577 710 1617 Laborauit
752 1579 798 1618 P.
831 1581 970 1617 rector
1004 1579 1217 1618 hactenus
1260 1580 1515 1630 plurimum,
1548 1582 1595 1619 ut
1637 1581 1823 1631 collegio
1868 1593 1941 1619 no-

324 1654 380 1681 uo
410 1644 439 1684 2,
490 1642 623 1681 simul
667 1655 716 1681 ac
754 1643 1085 1683 conuictoribus
1128 1644 1307 1683 domum
1350 1645 1608 1695 acquireret,
1641 1647 1679 1683 et
1711 1648 1824 1684 esset
1854 1645 1939 1684 iam

324 1707 368 1746 in
402 1707 519 1746 bunc
549 1719 678 1746 usum
710 1711 861 1757 parata
892 1709 1102 1758 pecunia:
1134 1709 1206 1747 sed
1244 1710 1453 1759 quoniam
1490 1710 1682 1759 hospitia
1712 1712 1753 1749 et
1783 1710 1941 1749 domus

324 1772 369 1810 in
399 1772 578 1811 ciuitate
608 1773 689 1811 hac
723 1776 896 1823 propter
925 1774 1155 1813 hominum
1188 1774 1478 1824 frequentiam
1500 1774 1678 1813 difficile
1709 1775 1940 1814 inuenian—

324 1839 407 1884 tur,
440 1838 584 1876 adhuc
614 1838 816 1889 desiderij
850 1850 1029 1888 compos
1072 1839 1163 1877 tieri
1195 1851 1284 1877 non
1316 1839 1479 1889 potuit:
1514 1851 1602 1878 non
1633 1841 1780 1878 tamen
1812 1839 1940 1889 depo-

323 1902 444 1941 nitur
473 1915 595 1953 spes;
630 1904 738 1942 torte
769 1906 865 1953 post
899 1904 1060 1942 multos
1096 1904 1268 1942 labores
1302 1907 1595 1954 consequetur
1624 1904 1937 1943 desideratum.

322 1967 569 2017 Collegium
606 1980 771 2006 nouuin
816 1970 946 2018 atque
988 1969 1263 2008 conuictores
1309 1970 1416 2007 bene
1462 1969 1588 2007 modo
1619 1980 1664 2007 se
1695 1971 1867 2015 gerunt,
1900 1971 1941 2007 et

324 2033 440 2070 bona
469 2032 594 2082 signa
636 2032 809 2071 futurae
854 2033 1028 2082 pietatis
1059 2033 1103 2071 in
1150 2033 1351 2083 pluribus
1393 2035 1618 2083 apparent.
1657 2032 1941 2072 Conuictores

324 2108 346 2135 a
380 2097 425 2135 P.
460 2096 626 2135 Thoma
676 2099 688 2119 '0'
745 2097 821 2147 qui
867 2098 1050 2136 istorum
1095 2099 1339 2146 praefectus
1382 2099 1461 2138 est.
1504 2109 1589 2135 non
1638 2109 1791 2145 parum
1838 2100 1941 2135 sunt

324 2161 480 2207 adiuti,
527 2174 575 2200 ac
606 2162 706 2200 facti
741 2162 1072 2201 mansuetiores.
1107 2162 1312 2203 Lazarus.
1344 2162 1479 2201 italus
1508 2165 1536 2203 4.
1586 2162 1661 2212 qui
1694 2173 1833 2211 nuper
1854 2161 1941 2200 Au—

324 2228 454 2276 gusta
490 2227 573 2265 hu(⁴
620 2227 782 2265 missus
820 2230 900 2269 est,
932 2227 1150 2265 absolutis
1193 2226 1502 2276 spiritualibus
1546 2226 1780 2275 exercitiis,
1814 2226 1941 2264 modo

325 2291 369 2329 in
413 2292 561 2330 culina
605 2294 844 2335 exercetur,
884 2294 930 2330 ut
977 2292 1182 2341 probetur
1224 2291 1319 2330 eius
1362 2291 1560 2340 spiritus.
1599 2291 1652 2329 M.
1685 2290 1939 2340 Gregorius,

324 2368 421 2396 cum
455 2357 595 2407 magis
625 2358 830 2395 idoneum
866 2357 946 2395 boc
977 2359 1169 2406 tempore
1200 2368 1288 2394 non
1322 2357 1576 2401 babeamus,
1608 2355 1785 2394 domum
1818 2355 1942 2393 noui-

325 2421 488 2459 tiorum
519 2422 651 2467 regit:
685 2422 760 2460 sed
804 2433 900 2460 cum
933 2423 1034 2471 agat
1064 2421 1193 2459 etiam
1238 2420 1607 2464 concionatorem,
1650 2419 1808 2458 deinde
1854 2430 1941 2457 non

325 2486 566 2525 absoluerit
597 2498 790 2529 cursum,
823 2486 1005 2524 omnino
1047 2485 1184 2524 alium
1216 2487 1255 2524 et
1297 2485 1593 2525 maturiorem.
1618 2486 1655 2523 et
1693 2496 1717 2522 a
1754 2483 1942 2534 negotiis

324 2550 426 2601 alijs
457 2551 643 2589 liberum
676 2551 805 2589 nobis
835 2552 1155 2600 exoptaremus.

388 2740 397 2756 ¹
422 2739 623 2778 Gregorius
646 2738 861 2769 Rosseffius.
901 2737 952 2769 Cf.
978 2737 1122 2768 hadwi
1145 2736 1317 2768 Monam.
1343 2736 1384 2771 V,
1409 2736 1486 2769 434:
1523 2735 1827 2772 Bmuxsmcuuass,
1864 2734 1884 2765 1.
1910 2744 1939 2765 «ά.

326 2791 369 2825 ΙΙ,
394 2792 466 2823 559.

387 2847 399 2863 2
422 2844 472 2876 Cf.
498 2844 642 2875 Lainii
678 2844 850 2875 Monam.
876 2843 918 2881 V,
945 2844 998 2877 19:
1025 2843 1149 2874 DUHR:
1172 2842 1398 2874 Gesclev'chte
1415 2840 1716 2873 cler-Jesnitevve...
1736 2840 1762 2877 Ι,
1780 2840 1851 2877 295,
1869 2839 1940 2870 316.

388 2900 399 2917 ³
421 2898 513 2930 Vide
536 2906 619 2938 pag.
646 2898 716 2935 158,
741 2898 867 2928 annot.
892 2897 922 2928 3.

389 2952 399 2969 ⁴
424 2951 582 2982 Lazarus
613 2950 776 2991 Spinola‚
794 2950 1007 2991 genuensis,
1025 2949 1090 2990 qui
1107 2948 1217 2990 paulo
1233 2949 1312 2988 post
1331 2957 1351 2979 a
1369 2948 1551 2979 societate
1567 2946 1709 2978 defecit.
1725 2945 1776 2978 Cf.
1799 2944 1942 2976 Laim'i

326 3004 500 3036 Momme.
526 3005 567 3040 V,
592 3005 668 3039 437:
696 3004 1000 3041 BRAUNSRERGER,
1026 3002 1048 3034 1.
1073 3011 1103 3034 c.
1129 3001 1190 3039 111,
1214 3002 1265 3033 90.
