2099 3516
551 276 634 313 546.
662 298 706 302 —
734 277 946 313 PALANTIA
970 277 1016 313 Q7
1043 277 1147 314 IULII
1175 277 1262 313 1561
1603 279 1670 314 391

196 396 331 446 cupit.
363 396 579 435 Feminae
608 398 856 436 meretricis
885 398 1127 436 conversio.
1159 419 1212 423 —
1237 401 1278 436 2.
1308 397 1521 436 Publicae
1549 398 1719 447 suppli-

196 461 392 499 cationes
421 461 479 499 ad
502 461 710 510 pluviam
739 462 1086 512 impetrandam.
1110 484 1160 488 —
1191 466 1232 500 3.
1261 463 1446 501 Festum
1476 461 1585 502 Smi.
1619 462 1721 500 Cor-

191 526 319 574 poris
351 524 532 572 Christi,
565 537 699 574 opera
741 526 1005 565 clericorum
1035 527 1236 565 certatim
1265 527 1498 578 praestita,
1543 527 1719 565 sollem-

196 591 383 628 nissime
411 591 460 628 in
492 591 652 640 templo
682 592 837 630 nostro
867 591 1148 630 celebratum.

171 724 207 763 1.
239 724 268 774 †
298 723 389 763 Ihs.
423 724 672 764 Admodum
707 725 779 765 Re
812 725 880 764 P.r
921 724 1072 765 Gratia
1094 727 1135 764 et
1156 737 1243 776 pax
1273 725 1342 765 Χ.ἰ
1381 727 1461 765 etc.
1497 724 1721 776 [Breviter

88 802 142 828 ex
172 789 468 829 oboedientiae
492 792 772 841 praescripto
802 791 974 830 scribet.
1019 792 1274 841 Religiosae
1316 792 1582 841 disciplinae
1611 804 1721 830 cura

90 853 244 905 viyetJ.
268 853 323 893 Vt
346 865 370 892 a
391 854 751 895 confessionibus
780 867 884 906 ergo
914 855 1091 894 initium
1124 867 1314 904 sumam,
1346 868 1459 907 quae
1481 867 1558 906 per
1577 857 1720 895 totum

90 930 259 958 annum
290 919 379 958 fere
422 931 652 971 nunquam
701 920 900 969 dessunt,
947 920 1080 971 idque
1123 920 1330 971 precipue
1376 923 1572 971 tempore
1615 932 1722 971 qua-

88 983 397 1035 dragessimali
428 996 589 1035 magna
613 985 851 1025 multitudo
883 986 1123 1036 promiscui
1153 997 1286 1025 sexus
1308 986 1524 1025 rationem
1556 985 1722 1025 nostris

89 1059 198 1088 suae
228 1048 502 1088 concientiae
546 1050 681 1098 dedit,
714 1050 905 1089 maxime
934 1062 1034 1089 cum
1064 1050 1262 1089 ciuitatis
1304 1050 1440 1089 huius
1471 1061 1560 1089 non
1591 1050 1719 1100 pauci

88 1124 141 1152 ex
162 1114 421 1164 proceribus
443 1114 558 1154 idem
581 1115 792 1155 fecerunt.
826 1115 962 1154 Porro
983 1127 1037 1154 ex
1057 1115 1179 1154 vrbis
1201 1115 1337 1154 huius
1362 1114 1559 1154 literario
1580 1126 1723 1165 gram—

88 1178 270 1218 matices
302 1179 467 1227 studiO,
499 1180 629 1220 cuius
659 1180 882 1220 scolastici
912 1180 1096 1220 trecenti
1126 1182 1169 1219 et
1188 1192 1239 1220 eo
1269 1180 1463 1231 amplius
1493 1180 1722 1219 continen-

87 1245 161 1283 tur
190 1255 390 1292 numero,
423 1245 583 1284 horum
615 1246 807 1285 maxima
830 1258 933 1297 pars
953 1245 1073 1297 apud
1102 1257 1184 1285 nos
1214 1245 1347 1285 etiam
1376 1245 1568 1284 confessi
1598 1247 1718 1289 sunt,

87 1321 278 1360 quorum
308 1312 614 1361 preceptorum
644 1323 760 1350 Vnus
790 1311 919 1350 valde
961 1311 1092 1350 nobis
1134 1311 1401 1362 conjunctus
1431 1312 1519 1358 est;
1551 1310 1605 1349 de
1633 1321 1722 1361 quo

88 1374 331 1425 aliquando
353 1375 518 1414 furtiue
539 1376 705 1426 accepit
729 1376 851 1415 auris
887 1388 984 1416 mea
1013 1376 1127 1416 velle
1152 1388 1198 1415 se
1219 1376 1310 1427 perj
1319 1387 1481 1426 ungere
1502 1382 1518 1401 a
1538 1375 1719 1418 nostris,

88 1438 178 1478 imo
208 1439 295 1478 iam
326 1440 415 1480 fixo
445 1442 531 1480 stat
562 1440 712 1480 animo
742 1453 789 1480 se
818 1441 948 1480 aliter
976 1441 1160 1481 minime
1190 1452 1280 1480 rem
1311 1440 1479 1480 haberi.
1506 1439 1593 1479 Nec
1615 1440 1723 1479 dan-

88 1503 187 1543 dam
224 1504 445 1544 obliuioni
489 1505 745 1545 existimaui
788 1506 1015 1557 quandam
1059 1505 1331 1545 meretricem
1371 1517 1456 1556 que
1499 1505 1721 1556 preteritis

88 1580 207 1608 nunc
237 1569 396 1609 diebus
430 1570 483 1609 de
513 1572 653 1610 morte
697 1571 911 1622 migrauit
939 1571 995 1610 ad
1024 1571 1177 1610 vitam.
1224 1571 1342 1610 Haec
1385 1570 1517 1609 etiam
1561 1570 1639 1609 vni
1670 1582 1722 1609 ex

88 1634 254 1674 nostris
297 1636 382 1675 sub
420 1636 719 1675 confessionis
766 1636 918 1688 sigillo
965 1648 1093 1676 suam
1140 1636 1315 1687 aperuit
1362 1637 1578 1683 mentem3
1628 1647 1723 1686 pre-

87 1710 328 1751 camurque
358 1700 497 1740 Deum
529 1701 750 1752 optimum
781 1701 1042 1749 maximum,
1074 1703 1122 1741 vt
1142 1713 1192 1740 ea
1222 1712 1268 1740 se
1289 1703 1331 1740 et
1350 1701 1609 1740 benefitium
1635 1701 1722 1739 sibi

88 1764 300 1804 collatum
331 1768 596 1817 cognoscat3
622 1766 683 1806 ita
713 1766 833 1806 enim
858 1766 930 1806 fiet
953 1768 999 1806 vt
1030 1766 1249 1806 Dominus
1278 1766 1365 1817 ipsi
1395 1778 1526 1805 suum
1555 1765 1722 1805 tribuat

88 1829 305 1869 auxilium
354 1831 726 1882 perseuerantiae,
759 1833 815 1871 ob
845 1832 974 1871 cuius
1018 1832 1206 1883 gratiam
1237 1844 1261 1871 a
1291 1843 1409 1871 noua
1452 1831 1545 1870 vita
1587 1842 1722 1882 quam

88 1905 208 1934 nunc
236 1895 353 1946 cepit
381 1908 524 1947 agere,
558 1909 787 1948 nunquam
819 1897 1017 1937 desistat.

168 1959 206 2000 2.
240 1960 438 2000 Plurime
468 1961 600 2001 etiam
634 1962 933 2013 procesiones,
965 1974 1051 2013 que
1080 1962 1163 2002 hac
1192 1962 1239 2001 in
1269 1963 1390 2010 vrbe,
1422 1963 1470 2001 vt
1502 1961 1722 2001 Dominus

89 2025 288 2076 plubiam
320 2026 537 2066 tribueret
578 2029 911 2078 congruentem,
944 2027 1056 2067 facte
1098 2029 1219 2076 sunt,
1251 2027 1385 2067 etiam
1423 2028 1621 2066 nostram
1652 2037 1724 2077 pe·

87 2089 196 2129 tiere
226 2091 474 2140 basilicam,
507 2092 716 2143 precipue
746 2092 831 2132 due
861 2093 1005 2132 sancti
1035 2092 1190 2132 Lazari
1211 2104 1261 2132 ac
1295 2091 1438 2131 sancti
1469 2091 1719 2133 Michaelis:

88 2155 227 2194 altera
257 2156 389 2195 etiam
421 2157 620 2196 solennis
651 2158 776 2205 satis,
809 2169 923 2208 quae
952 2157 1061 2209 exiJ‘t
1089 2170 1114 2197 a
1144 2157 1249 2197 dibo
1280 2157 1435 2204 Paulo,
1477 2156 1608 2195 domo
1639 2155 1710 2196 S.¹1

88 2220 311 2261 Dominici
360 2222 593 2270 fratruum,
640 2223 772 2262 etiam
803 2223 860 2262 ad
889 2225 1087 2263 nostram
1135 2222 1341 2274 peruenit
1387 2223 1584 2269 domum,
1621 2222 1721 2261 licet

89 2286 197 2325 haec
242 2287 457 2338 templum
502 2300 593 2327 non
635 2288 693 2327 sit
723 2288 925 2339 ingressa
972 2290 1200 2334 nostrum3
1246 2288 1302 2327 ad
1341 2288 1526 2339 januam
1573 2289 1720 2326 tamen

88 2352 340 2392 subsistens
370 2353 596 2401 ecclesiae,
629 2353 732 2393 inde
762 2366 868 2394 suas
897 2366 1048 2404 preces
1077 2354 1278 2393 obtulere
1312 2352 1518 2392 Domino.
1556 2352 1722 2392 Omitto

89 2417 207 2456 enim
239 2417 363 2457 illan]
393 2418 725 2458 celeberrimam
755 2430 840 2470 que
861 2431 887 2458 a
918 2419 1072 2458 multis
1102 2418 1394 2458 fundentibus
1423 2417 1723 2457 confratribus

89 2482 355 2534 sanguinem
386 2485 583 2534 tempore
613 2484 863 2524 dominicae
893 2484 1094 2535 pasionis
1123 2484 1186 2524 fit.
1220 2484 1340 2523 Haec
1373 2483 1507 2522 etiam
1537 2483 1593 2522 ad
1622 2493 1724 2521 nos-

90 2549 202 2587 tram
231 2548 355 2588 venit
380 2549 612 2589 ecclesiam
647 2561 725 2600 per
757 2561 892 2589 vnam
923 2549 1066 2600 ipsius
1092 2550 1278 2601 ‚januam
1300 2548 1422 2589 intus
1449 2547 1720 2599 ingrediens,

89 2624 167 2663 per
196 2613 331 2653 aliam
375 2626 478 2653 vero
522 2614 641 2654 foras
684 2614 931 2665 egrediens.
978 2615 1069 2654 Deo
1098 2614 1285 2654 creatori
1334 2613 1528 2653 maximo
1576 2612 1722 2651 debite

90 2677 334 2718 reddantur
362 2679 532 2719 laudes.

169 2744 208 2783 3.
241 2743 452 2783 Nostrum
481 2746 631 2784 tamen
660 2744 858 2796 corporis
901 2743 1067 2785 Christi
1098 2744 1258 2784 festum
1289 2743 1418 2783 cuius
1461 2742 1722 2782 solemnitas

92 2820 161 2848 me
181 2808 408 2860 compellit
427 2811 474 2848 vt
494 2809 715 2849 nonnulla
744 2810 946 2857 referam,
969 2821 1060 2848 non
1090 2808 1431 2860 pretereundum
1462 2807 1594 2855 duxi;
1617 2806 1723 2858 quia

94 2875 211 2914 certe
239 2875 331 2913 tam
361 2874 620 2914 solemniter
647 2876 828 2925 tamque
854 2874 1047 2926 =iocunde
1089 2874 1359 2914 celebratum
1388 2874 1469 2921 est,
1500 2874 1548 2912 vt
1576 2874 1726 2912 astan-

153 3064 171 3084 a
196 3056 335 3089 Praec.
359 3065 395 3089 v.
420 3056 583 3089 obscure
605 3057 829 3089 eoearatum.
