<?xml version="1.0" encoding="UTF-8"?>
<!DOCTYPE html PUBLIC "-//W3C//DTD XHTML 1.0 Transitional//EN"
    "http://www.w3.org/TR/xhtml1/DTD/xhtml1-transitional.dtd">
<html xmlns="http://www.w3.org/1999/xhtml" xml:lang="en" lang="en">
 <head>
  <title>
</title>
<meta http-equiv="Content-Type" content="text/html;charset=utf-8" />
  <meta name='ocr-system' content='tesseract 3.04.00' />
  <meta name='ocr-capabilities' content='ocr_page ocr_carea ocr_par ocr_line ocrx_word'/>
</head>
<body>
  <div class='ocr_page' id='page_1' title='image "./litteraequadrime19lain_0073.png"; bbox 0 0 2099 3516; ppageno 0'>
   <div class='ocr_carea' id='block_1_1' title="bbox 522 276 1665 315">
    <p class='ocr_par' dir='ltr' id='par_1_1' title="bbox 522 276 1665 315">
     <span class='ocr_line' id='line_1_1' title="bbox 522 276 1665 315; baseline -0.004 0"><span class='ocrx_word' id='word_1_1' title='bbox 522 280 600 315; x_wconf 71' lang='lat'>468.</span> <span class='ocrx_word' id='word_1_2' title='bbox 629 300 670 304; x_wconf 95' lang='lat'><strong>—</strong></span> <span class='ocrx_word' id='word_1_3' title='bbox 699 279 879 315; x_wconf 79' lang='lat' dir='ltr'>COLONIA</span> <span class='ocrx_word' id='word_1_4' title='bbox 912 277 954 312; x_wconf 81' lang='lat'>10</span> <span class='ocrx_word' id='word_1_5' title='bbox 980 277 1172 312; x_wconf 76' lang='lat' dir='ltr'>IANUARII</span> <span class='ocrx_word' id='word_1_6' title='bbox 1204 276 1288 311; x_wconf 79' lang='grc'><strong>1561</strong></span> <span class='ocrx_word' id='word_1_7' title='bbox 1625 277 1665 311; x_wconf 75' lang='grc'>51</span> 
     </span>
    </p>
   </div>
   <div class='ocr_carea' id='block_1_2' title="bbox 87 394 1721 1098">
    <p class='ocr_par' dir='ltr' id='par_1_2' title="bbox 87 394 1721 1098">
     <span class='ocr_line' id='line_1_2' title="bbox 90 394 1719 449; baseline -0.005 -10"><span class='ocrx_word' id='word_1_8' title='bbox 90 399 152 439; x_wconf 92' lang='lat' dir='ltr'>De</span> <span class='ocrx_word' id='word_1_9' title='bbox 181 397 497 449; x_wconf 75' lang='lat' dir='ltr'>duisburgensi</span> <span class='ocrx_word' id='word_1_10' title='bbox 530 397 818 436; x_wconf 81' lang='lat' dir='ltr'>vniuersitate</span> <span class='ocrx_word' id='word_1_11' title='bbox 847 395 980 435; x_wconf 88' lang='lat' dir='ltr'>etiam</span> <span class='ocrx_word' id='word_1_12' title='bbox 1011 406 1130 434; x_wconf 88' lang='lat' dir='ltr'>nunc</span> <span class='ocrx_word' id='word_1_13' title='bbox 1159 396 1329 434; x_wconf 89' lang='lat' dir='ltr'>tacetur</span> <span class='ocrx_word' id='word_1_14' title='bbox 1355 396 1391 440; x_wconf 84' lang='grc'>1;</span> <span class='ocrx_word' id='word_1_15' title='bbox 1426 394 1719 444; x_wconf 79' lang='lat' dir='ltr'>intelligimus</span> 
     </span>
     <span class='ocr_line' id='line_1_3' title="bbox 90 458 1720 511; baseline -0.004 -8"><span class='ocrx_word' id='word_1_16' title='bbox 90 463 301 503; x_wconf 85' lang='lat' dir='ltr'>intestina</span> <span class='ocrx_word' id='word_1_17' title='bbox 330 474 512 503; x_wconf 86' lang='lat' dir='ltr'>suorum</span> <span class='ocrx_word' id='word_1_18' title='bbox 542 461 821 501; x_wconf 80' lang='lat' dir='ltr'>dissensione</span> <span class='ocrx_word' id='word_1_19' title='bbox 852 459 1068 511; x_wconf 86' lang='lat' dir='ltr'>paulatim</span> <span class='ocrx_word' id='word_1_20' title='bbox 1112 471 1207 499; x_wconf 91' lang='lat' dir='ltr'>eam</span> <span class='ocrx_word' id='word_1_21' title='bbox 1251 458 1496 498; x_wconf 76' lang='lat' dir='ltr'>concidere.</span> <span class='ocrx_word' id='word_1_22' title='bbox 1530 458 1720 498; x_wconf 88' lang='lat' dir='ltr'>Confidi-</span> 
     </span>
     <span class='ocr_line' id='line_1_4' title="bbox 92 523 1717 574; baseline -0.004 -6"><span class='ocrx_word' id='word_1_23' title='bbox 92 540 188 568; x_wconf 82' lang='lat' dir='ltr'>mus</span> <span class='ocrx_word' id='word_1_24' title='bbox 220 528 409 567; x_wconf 89' lang='lat' dir='ltr'>Domino</span> <span class='ocrx_word' id='word_1_25' title='bbox 444 527 618 566; x_wconf 90' lang='lat' dir='ltr'>irritum</span> <span class='ocrx_word' id='word_1_26' title='bbox 663 526 791 566; x_wconf 90' lang='lat' dir='ltr'>illum</span> <span class='ocrx_word' id='word_1_27' title='bbox 821 528 1030 565; x_wconf 89' lang='lat' dir='ltr'>conatum</span> <span class='ocrx_word' id='word_1_28' title='bbox 1063 526 1277 571; x_wconf 84' lang='lat' dir='ltr'>futurum,</span> <span class='ocrx_word' id='word_1_29' title='bbox 1310 523 1717 574; x_wconf 77' lang='lat' dir='ltr'>adolescentesque,</span> 
     </span>
     <span class='ocr_line' id='line_1_5' title="bbox 88 587 1720 644; baseline -0.004 -12"><span class='ocrx_word' id='word_1_30' title='bbox 88 605 138 632; x_wconf 87' lang='lat' dir='ltr'>eo</span> <span class='ocrx_word' id='word_1_31' title='bbox 169 592 402 644; x_wconf 79' lang='lat' dir='ltr'>gymnasio</span> <span class='ocrx_word' id='word_1_32' title='bbox 433 591 600 633; x_wconf 77' lang='lat' dir='ltr'>relicto,</span> <span class='ocrx_word' id='word_1_33' title='bbox 625 591 767 630; x_wconf 91' lang='lat' dir='ltr'>ituros</span> <span class='ocrx_word' id='word_1_34' title='bbox 797 590 1040 632; x_wconf 85' lang='lat' dir='ltr'>Treuerim.</span> <span class='ocrx_word' id='word_1_35' title='bbox 1067 589 1341 641; x_wconf 76' lang='lat' dir='ltr'>Moguntiam</span> <span class='ocrx_word' id='word_1_36' title='bbox 1373 587 1620 635; x_wconf 84' lang='lat' dir='ltr'>Coloniam,</span> <span class='ocrx_word' id='word_1_37' title='bbox 1644 589 1720 626; x_wconf 89' lang='lat' dir='ltr'>aut</span> 
     </span>
     <span class='ocr_line' id='line_1_6' title="bbox 89 654 1717 706; baseline -0.003 -10"><span class='ocrx_word' id='word_1_38' title='bbox 89 658 416 697; x_wconf 83' lang='lat' dir='ltr'>Andernaeum.</span> <span class='ocrx_word' id='word_1_39' title='bbox 450 656 571 706; x_wconf 84' lang='lat' dir='ltr'>Quae</span> <span class='ocrx_word' id='word_1_40' title='bbox 600 656 653 695; x_wconf 92' lang='lat' dir='ltr'>de</span> <span class='ocrx_word' id='word_1_41' title='bbox 684 656 779 695; x_wconf 88' lang='lat' dir='ltr'>suis</span> <span class='ocrx_word' id='word_1_42' title='bbox 814 655 1083 695; x_wconf 86' lang='lat' dir='ltr'>lectionibus</span> <span class='ocrx_word' id='word_1_43' title='bbox 1121 654 1382 694; x_wconf 81' lang='lat' dir='ltr'>aediderunt</span> <span class='ocrx_word' id='word_1_44' title='bbox 1426 656 1717 699; x_wconf 85' lang='lat' dir='ltr'>treuerenses,</span> 
     </span>
     <span class='ocr_line' id='line_1_7' title="bbox 89 717 1720 773; baseline -0.003 -12"><span class='ocrx_word' id='word_1_45' title='bbox 89 722 455 773; x_wconf 84' lang='lat' dir='ltr'>Dusseldorpium</span> <span class='ocrx_word' id='word_1_46' title='bbox 504 721 737 760; x_wconf 86' lang='lat' dir='ltr'>misimus:</span> <span class='ocrx_word' id='word_1_47' title='bbox 771 733 853 760; x_wconf 90' lang='lat' dir='ltr'>suo</span> <span class='ocrx_word' id='word_1_48' title='bbox 884 720 1001 759; x_wconf 90' lang='lat' dir='ltr'>malo</span> <span class='ocrx_word' id='word_1_49' title='bbox 1031 719 1421 769; x_wconf 87' lang='lat' dir='ltr'>duiseldorpenses</span> <span class='ocrx_word' id='word_1_50' title='bbox 1459 718 1630 757; x_wconf 82' lang='lat' dir='ltr'>discent</span> <span class='ocrx_word' id='word_1_51' title='bbox 1674 717 1720 756; x_wconf 93' lang='lat' dir='ltr'>in</span> 
     </span>
     <span class='ocr_line' id='line_1_8' title="bbox 90 782 1721 826; baseline -0.003 0"><span class='ocrx_word' id='word_1_52' title='bbox 90 787 233 826; x_wconf 89' lang='lat' dir='ltr'>medio</span> <span class='ocrx_word' id='word_1_53' title='bbox 263 787 581 826; x_wconf 86' lang='lat' dir='ltr'>catholicorum</span> <span class='ocrx_word' id='word_1_54' title='bbox 616 798 705 825; x_wconf 85' lang='lat' dir='ltr'>non</span> <span class='ocrx_word' id='word_1_55' title='bbox 744 797 841 825; x_wconf 91' lang='lat' dir='ltr'>esse</span> <span class='ocrx_word' id='word_1_56' title='bbox 884 785 1204 825; x_wconf 88' lang='lat' dir='ltr'>aedificandam</span> <span class='ocrx_word' id='word_1_57' title='bbox 1239 783 1439 823; x_wconf 88' lang='lat' dir='ltr'>scholam</span> <span class='ocrx_word' id='word_1_58' title='bbox 1483 782 1721 822; x_wconf 88' lang='lat' dir='ltr'>haeretico—</span> 
     </span>
     <span class='ocr_line' id='line_1_9' title="bbox 88 847 1719 901; baseline -0.003 -10"><span class='ocrx_word' id='word_1_59' title='bbox 88 864 200 891; x_wconf 86' lang='lat' dir='ltr'>rum.</span> <span class='ocrx_word' id='word_1_60' title='bbox 236 852 326 891; x_wconf 84' lang='lat' dir='ltr'>Has</span> <span class='ocrx_word' id='word_1_61' title='bbox 370 852 563 891; x_wconf 86' lang='lat' dir='ltr'>ditiones</span> <span class='ocrx_word' id='word_1_62' title='bbox 593 854 633 890; x_wconf 90' lang='lat' dir='ltr'>et</span> <span class='ocrx_word' id='word_1_63' title='bbox 664 851 771 890; x_wconf 88' lang='lat' dir='ltr'>haec</span> <span class='ocrx_word' id='word_1_64' title='bbox 815 850 1003 901; x_wconf 79' lang='lat' dir='ltr'>collegia</span> <span class='ocrx_word' id='word_1_65' title='bbox 1047 852 1179 900; x_wconf 88' lang='lat' dir='ltr'>atque</span> <span class='ocrx_word' id='word_1_66' title='bbox 1223 861 1305 888; x_wconf 89' lang='lat' dir='ltr'>nos</span> <span class='ocrx_word' id='word_1_67' title='bbox 1338 860 1492 888; x_wconf 89' lang='lat' dir='ltr'>omnes</span> <span class='ocrx_word' id='word_1_68' title='bbox 1523 848 1574 887; x_wconf 77' lang='lat' dir='ltr'>R.</span> <span class='ocrx_word' id='word_1_69' title='bbox 1600 848 1647 886; x_wconf 92' lang='lat' dir='ltr'>P.</span> <span class='ocrx_word' id='word_1_70' title='bbox 1672 847 1719 887; x_wconf 90' lang='lat' dir='ltr'>T.</span> 
     </span>
     <span class='ocr_line' id='line_1_10' title="bbox 87 912 1720 966; baseline -0.003 -10"><span class='ocrx_word' id='word_1_71' title='bbox 87 919 129 956; x_wconf 88' lang='lat' dir='ltr'>et</span> <span class='ocrx_word' id='word_1_72' title='bbox 158 917 348 956; x_wconf 89' lang='lat' dir='ltr'>aliorum</span> <span class='ocrx_word' id='word_1_73' title='bbox 379 916 546 956; x_wconf 85' lang='lat' dir='ltr'>sanctis</span> <span class='ocrx_word' id='word_1_74' title='bbox 584 913 816 966; x_wconf 70' lang='lat' dir='ltr'>sacrifieiis</span> <span class='ocrx_word' id='word_1_75' title='bbox 850 917 891 955; x_wconf 91' lang='lat' dir='ltr'>et</span> <span class='ocrx_word' id='word_1_76' title='bbox 937 915 1142 966; x_wconf 88' lang='lat' dir='ltr'>precibus</span> <span class='ocrx_word' id='word_1_77' title='bbox 1185 914 1561 954; x_wconf 81' lang='lat' dir='ltr'>commendamus.</span> <span class='ocrx_word' id='word_1_78' title='bbox 1593 912 1720 952; x_wconf 92' lang='lat' dir='ltr'>Colo-</span> 
     </span>
     <span class='ocr_line' id='line_1_11' title="bbox 90 981 1087 1032; baseline -0.002 -11"><span class='ocrx_word' id='word_1_79' title='bbox 90 982 188 1021; x_wconf 84' lang='lat' dir='ltr'>niae</span> <span class='ocrx_word' id='word_1_80' title='bbox 222 983 305 1021; x_wconf 89' lang='grc' dir='ltr'>ΙΙΙ[</span> <span class='ocrx_word' id='word_1_81' title='bbox 338 982 439 1021; x_wconf 90' lang='lat' dir='ltr'>idus</span> <span class='ocrx_word' id='word_1_82' title='bbox 472 981 664 1032; x_wconf 77' lang='lat' dir='ltr'>Ianuarii</span> <span class='ocrx_word' id='word_1_83' title='bbox 700 981 881 1020; x_wconf 87' lang='lat' dir='ltr'>MDLXI</span> <span class='ocrx_word' id='word_1_84' title='bbox 912 992 1031 1020; x_wconf 88' lang='lat' dir='ltr'>auno</span> <span class='ocrx_word' id='word_1_85' title='bbox 1055 988 1087 1019; x_wconf 59' lang='grc' dir='ltr'>Π.</span> 
     </span>
     <span class='ocr_line' id='line_1_12' title="bbox 198 1047 806 1098; baseline 0 -12"><span class='ocrx_word' id='word_1_86' title='bbox 198 1048 245 1086; x_wconf 73' lang='lat' dir='ltr'>R.</span> <span class='ocrx_word' id='word_1_87' title='bbox 280 1049 326 1087; x_wconf 89' lang='lat' dir='ltr'>P.</span> <span class='ocrx_word' id='word_1_88' title='bbox 360 1047 408 1087; x_wconf 89' lang='lat' dir='ltr'>T.</span> <span class='ocrx_word' id='word_1_89' title='bbox 442 1047 656 1098; x_wconf 75' lang='lat' dir='ltr'>indignus</span> <span class='ocrx_word' id='word_1_90' title='bbox 686 1047 806 1086; x_wconf 87' lang='lat' dir='ltr'>tilius</span> 
     </span>
    </p>
   </div>
   <div class='ocr_carea' id='block_1_3' title="bbox 1121 1135 1611 1174">
    <p class='ocr_par' dir='ltr' id='par_1_3' title="bbox 1121 1135 1611 1174">
     <span class='ocr_line' id='line_1_13' title="bbox 1121 1135 1611 1174; baseline 0 -2"><span class='ocrx_word' id='word_1_91' title='bbox 1121 1136 1321 1174; x_wconf 39' lang='lat' dir='ltr'>Joiixxes</span> <span class='ocrx_word' id='word_1_92' title='bbox 1354 1135 1552 1173; x_wconf 68' lang='lat' dir='ltr'>RETfflrs</span> <span class='ocrx_word' id='word_1_93' title='bbox 1582 1135 1611 1172; x_wconf 67' lang='lat'>2.</span> 
     </span>
    </p>
   </div>
   <div class='ocr_carea' id='block_1_4' title="bbox 194 1261 1036 1301">
    <p class='ocr_par' dir='ltr' id='par_1_4' title="bbox 194 1261 1036 1301">
     <span class='ocr_line' id='line_1_14' title="bbox 194 1261 1036 1301; baseline -0.002 0"><span class='ocrx_word' id='word_1_94' title='bbox 194 1262 257 1301; x_wconf 81' lang='lat' dir='ltr'>Ex</span> <span class='ocrx_word' id='word_1_95' title='bbox 287 1261 602 1301; x_wconf 83' lang='lat' dir='ltr'>commissione</span> <span class='ocrx_word' id='word_1_96' title='bbox 634 1262 684 1300; x_wconf 81' lang='lat' dir='ltr'>R.</span> <span class='ocrx_word' id='word_1_97' title='bbox 722 1262 766 1300; x_wconf 78' lang='lat' dir='ltr'>P.</span> <span class='ocrx_word' id='word_1_98' title='bbox 803 1261 1036 1300; x_wconf 86' lang='lat' dir='ltr'>Leonardi.</span> 
     </span>
    </p>
   </div>
   <div class='ocr_carea' id='block_1_5' title="bbox 90 1367 239 1369">
    <p class='ocr_par' dir='ltr' id='par_1_5' title="bbox 90 1367 239 1369">
     <span class='ocr_line' id='line_1_15' title="bbox 90 1367 239 1369; baseline 0 0"><span class='ocrx_word' id='word_1_99' title='bbox 90 1367 239 1369; x_wconf 95' lang='lat' dir='ltr'> </span> 
     </span>
    </p>
   </div>
   <div class='ocr_carea' id='block_1_6' title="bbox 148 1420 955 1462">
    <p class='ocr_par' dir='ltr' id='par_1_6' title="bbox 148 1420 955 1462">
     <span class='ocr_line' id='line_1_16' title="bbox 148 1420 955 1462; baseline -0.002 -9"><span class='ocrx_word' id='word_1_100' title='bbox 148 1430 164 1447; x_wconf 68' lang='lat'>⁴1</span> <span class='ocrx_word' id='word_1_101' title='bbox 192 1420 298 1461; x_wconf 74' lang='lat' dir='ltr'>Quae</span> <span class='ocrx_word' id='word_1_102' title='bbox 323 1423 548 1462; x_wconf 75' lang='lat' dir='ltr'>sequuntur</span> <span class='ocrx_word' id='word_1_103' title='bbox 571 1423 665 1452; x_wconf 73' lang='lat' dir='ltr'>sunt</span> <span class='ocrx_word' id='word_1_104' title='bbox 689 1421 955 1462; x_wconf 56' lang='lat' dir='ltr'>(catagrapha.</span> 
     </span>
    </p>
   </div>
   <div class='ocr_carea' id='block_1_7' title="bbox 90 1514 281 1517">
    <p class='ocr_par' dir='ltr' id='par_1_7' title="bbox 90 1514 281 1517">
     <span class='ocr_line' id='line_1_17' title="bbox 90 1514 281 1517; baseline 0 0"><span class='ocrx_word' id='word_1_105' title='bbox 90 1514 281 1517; x_wconf 95' lang='lat' dir='ltr'> </span> 
     </span>
    </p>
   </div>
   <div class='ocr_carea' id='block_1_8' title="bbox 84 1568 1723 2572">
    <p class='ocr_par' dir='ltr' id='par_1_8' title="bbox 84 1568 1723 2510">
     <span class='ocr_line' id='line_1_18' title="bbox 150 1568 1722 1611; baseline -0.003 -9"><span class='ocrx_word' id='word_1_106' title='bbox 150 1574 158 1589; x_wconf 87' lang='lat'>¹</span> <span class='ocrx_word' id='word_1_107' title='bbox 184 1571 305 1603; x_wconf 89' lang='lat' dir='ltr'>Huius</span> <span class='ocrx_word' id='word_1_108' title='bbox 330 1571 591 1602; x_wconf 75' lang='lat' dir='ltr'>universitatis</span> <span class='ocrx_word' id='word_1_109' title='bbox 615 1570 786 1602; x_wconf 81' lang='lat' dir='ltr'>fundatio</span> <span class='ocrx_word' id='word_1_110' title='bbox 810 1572 893 1611; x_wconf 80' lang='lat' dir='ltr'>post</span> <span class='ocrx_word' id='word_1_111' title='bbox 918 1570 1049 1611; x_wconf 87' lang='lat' dir='ltr'>longas</span> <span class='ocrx_word' id='word_1_112' title='bbox 1072 1579 1156 1601; x_wconf 89' lang='lat' dir='ltr'>cum</span> <span class='ocrx_word' id='word_1_113' title='bbox 1181 1578 1332 1601; x_wconf 85' lang='lat' dir='ltr'>romana</span> <span class='ocrx_word' id='word_1_114' title='bbox 1356 1569 1461 1600; x_wconf 73' lang='lat' dir='ltr'>curia</span> <span class='ocrx_word' id='word_1_115' title='bbox 1478 1568 1722 1600; x_wconf 77' lang='lat' dir='ltr'>tractationes</span> 
     </span>
     <span class='ocr_line' id='line_1_19' title="bbox 86 1621 1722 1665; baseline -0.002 -8"><span class='ocrx_word' id='word_1_116' title='bbox 86 1626 125 1657; x_wconf 93' lang='lat' dir='ltr'>in</span> <span class='ocrx_word' id='word_1_117' title='bbox 160 1625 262 1657; x_wconf 88' lang='lat' dir='ltr'>aliud</span> <span class='ocrx_word' id='word_1_118' title='bbox 296 1626 442 1665; x_wconf 87' lang='lat' dir='ltr'>tempus</span> <span class='ocrx_word' id='word_1_119' title='bbox 476 1624 593 1656; x_wconf 89' lang='lat' dir='ltr'>dilata</span> <span class='ocrx_word' id='word_1_120' title='bbox 627 1626 694 1656; x_wconf 88' lang='lat' dir='ltr'>est.</span> <span class='ocrx_word' id='word_1_121' title='bbox 721 1624 772 1657; x_wconf 89' lang='lat' dir='ltr'>Cf.</span> <span class='ocrx_word' id='word_1_122' title='bbox 800 1624 962 1656; x_wconf 61' lang='lat' dir='ltr'>HAxsssx.</span> <span class='ocrx_word' id='word_1_123' title='bbox 989 1624 1011 1655; x_wconf 87' lang='lat' dir='ltr'>l.</span> <span class='ocrx_word' id='word_1_124' title='bbox 1035 1633 1064 1655; x_wconf 74' lang='grc' dir='ltr'>ο.</span> <span class='ocrx_word' id='word_1_125' title='bbox 1090 1624 1162 1663; x_wconf 69' lang='grc'>349,</span> <span class='ocrx_word' id='word_1_126' title='bbox 1188 1624 1260 1655; x_wconf 86' lang='grc'><strong>371.</strong></span> <span class='ocrx_word' id='word_1_127' title='bbox 1287 1623 1337 1654; x_wconf 93' lang='lat' dir='ltr'>De</span> <span class='ocrx_word' id='word_1_128' title='bbox 1363 1622 1431 1654; x_wconf 87' lang='lat' dir='ltr'>hae</span> <span class='ocrx_word' id='word_1_129' title='bbox 1463 1631 1500 1653; x_wconf 88' lang='lat' dir='ltr'>re</span> <span class='ocrx_word' id='word_1_130' title='bbox 1535 1621 1722 1653; x_wconf 88' lang='lat' dir='ltr'>scribebat</span> 
     </span>
     <span class='ocr_line' id='line_1_20' title="bbox 86 1675 1720 1713; baseline -0.003 -3"><span class='ocrx_word' id='word_1_131' title='bbox 86 1679 186 1711; x_wconf 84' lang='lat' dir='ltr'>Stus.</span> <span class='ocrx_word' id='word_1_132' title='bbox 211 1677 364 1711; x_wconf 77' lang='lat' dir='ltr'>Carolus</span> <span class='ocrx_word' id='word_1_133' title='bbox 388 1678 620 1713; x_wconf 81' lang='lat' dir='ltr'>Borromeus,</span> <span class='ocrx_word' id='word_1_134' title='bbox 645 1678 705 1709; x_wconf 90' lang='lat' dir='ltr'>die</span> <span class='ocrx_word' id='word_1_135' title='bbox 739 1678 778 1709; x_wconf 62' lang='lat'>:³3</span> <span class='ocrx_word' id='word_1_136' title='bbox 812 1677 934 1709; x_wconf 81' lang='lat' dir='ltr'>Martii</span> <span class='ocrx_word' id='word_1_137' title='bbox 971 1678 1060 1709; x_wconf 88' lang='lat' dir='ltr'>anni</span> <span class='ocrx_word' id='word_1_138' title='bbox 1098 1677 1188 1711; x_wconf 80' lang='lat'>1561,</span> <span class='ocrx_word' id='word_1_139' title='bbox 1214 1676 1261 1708; x_wconf 80' lang='lat' dir='ltr'>ad</span> <span class='ocrx_word' id='word_1_140' title='bbox 1295 1676 1453 1708; x_wconf 83' lang='lat' dir='ltr'>Hosium</span> <span class='ocrx_word' id='word_1_141' title='bbox 1481 1675 1720 1712; x_wconf 83' lang='lat' dir='ltr'>cardinalem,</span> 
     </span>
     <span class='ocr_line' id='line_1_21' title="bbox 86 1728 1721 1773; baseline -0.002 -10"><span class='ocrx_word' id='word_1_142' title='bbox 86 1732 150 1773; x_wconf 77' lang='lat' dir='ltr'>qui</span> <span class='ocrx_word' id='word_1_143' title='bbox 175 1732 213 1763; x_wconf 90' lang='lat' dir='ltr'>in</span> <span class='ocrx_word' id='word_1_144' title='bbox 237 1731 341 1763; x_wconf 88' lang='lat' dir='ltr'>curia</span> <span class='ocrx_word' id='word_1_145' title='bbox 365 1731 600 1772; x_wconf 80' lang='lat' dir='ltr'>imperatoris</span> <span class='ocrx_word' id='word_1_146' title='bbox 624 1731 863 1763; x_wconf 79' lang='lat' dir='ltr'>versabatur:</span> <span class='ocrx_word' id='word_1_147' title='bbox 893 1744 907 1758; x_wconf 85' lang='lat'>«</span> <span class='ocrx_word' id='word_1_148' title='bbox 925 1731 1085 1763; x_wconf 88' lang='lat' dir='ltr'>Petierat</span> <span class='ocrx_word' id='word_1_149' title='bbox 1111 1740 1132 1762; x_wconf 88' lang='lat' dir='ltr'>a</span> <span class='ocrx_word' id='word_1_150' title='bbox 1155 1730 1244 1763; x_wconf 73' lang='lat' dir='ltr'>S‚mo</span> <span class='ocrx_word' id='word_1_151' title='bbox 1268 1730 1354 1762; x_wconf 80' lang='grc' dir='ltr'>Ι).ηο</span> <span class='ocrx_word' id='word_1_152' title='bbox 1377 1729 1419 1761; x_wconf 73' lang='lat' dir='ltr'>N.</span> <span class='ocrx_word' id='word_1_153' title='bbox 1438 1729 1513 1760; x_wconf 85' lang='lat' dir='ltr'>dux</span> <span class='ocrx_word' id='word_1_154' title='bbox 1531 1728 1721 1760; x_wconf 77' lang='lat' dir='ltr'>Clevensis</span> 
     </span>
     <span class='ocr_line' id='line_1_22' title="bbox 86 1782 1722 1826; baseline -0.002 -9"><span class='ocrx_word' id='word_1_155' title='bbox 86 1785 299 1817; x_wconf 83' lang='lat' dir='ltr'>facultatem</span> <span class='ocrx_word' id='word_1_156' title='bbox 323 1784 521 1826; x_wconf 79' lang='lat' dir='ltr'>erigendae</span> <span class='ocrx_word' id='word_1_157' title='bbox 545 1785 757 1817; x_wconf 81' lang='lat' dir='ltr'>academiae</span> <span class='ocrx_word' id='word_1_158' title='bbox 781 1785 819 1816; x_wconf 92' lang='lat' dir='ltr'>in</span> <span class='ocrx_word' id='word_1_159' title='bbox 844 1784 979 1826; x_wconf 89' lang='lat' dir='ltr'>oppido</span> <span class='ocrx_word' id='word_1_160' title='bbox 1004 1784 1212 1825; x_wconf 81' lang='lat' dir='ltr'>Diusberga</span> <span class='ocrx_word' id='word_1_161' title='bbox 1235 1784 1392 1816; x_wconf 87' lang='lat' dir='ltr'>ditionis</span> <span class='ocrx_word' id='word_1_162' title='bbox 1416 1792 1518 1819; x_wconf 74' lang='lat' dir='ltr'>suae,</span> <span class='ocrx_word' id='word_1_163' title='bbox 1536 1791 1648 1824; x_wconf 89' lang='lat' dir='ltr'>quam</span> <span class='ocrx_word' id='word_1_164' title='bbox 1672 1782 1722 1813; x_wconf 89' lang='lat' dir='ltr'>fa-</span> 
     </span>
     <span class='ocr_line' id='line_1_23' title="bbox 84 1836 1721 1879; baseline -0.002 -9"><span class='ocrx_word' id='word_1_165' title='bbox 84 1839 260 1871; x_wconf 83' lang='lat' dir='ltr'>cultatem</span> <span class='ocrx_word' id='word_1_166' title='bbox 294 1838 384 1870; x_wconf 64' lang='lat' dir='ltr'>sias</span> <span class='ocrx_word' id='word_1_167' title='bbox 408 1838 502 1877; x_wconf 77' lang='lat' dir='ltr'>eius,</span> <span class='ocrx_word' id='word_1_168' title='bbox 528 1847 594 1879; x_wconf 92' lang='lat' dir='ltr'>pro</span> <span class='ocrx_word' id='word_1_169' title='bbox 629 1847 697 1870; x_wconf 86' lang='lat' dir='ltr'>suo</span> <span class='ocrx_word' id='word_1_170' title='bbox 731 1839 910 1879; x_wconf 90' lang='lat' dir='ltr'>perpetuo</span> <span class='ocrx_word' id='word_1_171' title='bbox 944 1838 1130 1870; x_wconf 89' lang='lat' dir='ltr'>desiderio</span> <span class='ocrx_word' id='word_1_172' title='bbox 1161 1837 1372 1870; x_wconf 87' lang='lat' dir='ltr'>demerendi</span> <span class='ocrx_word' id='word_1_173' title='bbox 1397 1846 1525 1868; x_wconf 85' lang='lat' dir='ltr'>omnes</span> <span class='ocrx_word' id='word_1_174' title='bbox 1559 1845 1622 1868; x_wconf 92' lang='lat' dir='ltr'>eos</span> <span class='ocrx_word' id='word_1_175' title='bbox 1655 1836 1721 1877; x_wconf 88' lang='lat' dir='ltr'>qui</span> 
     </span>
     <span class='ocr_line' id='line_1_24' title="bbox 86 1890 1723 1933; baseline -0.002 -9"><span class='ocrx_word' id='word_1_176' title='bbox 86 1893 345 1933; x_wconf 82' lang='lat' dir='ltr'>imperatorem</span> <span class='ocrx_word' id='word_1_177' title='bbox 369 1891 554 1924; x_wconf 85' lang='lat' dir='ltr'>affinitate</span> <span class='ocrx_word' id='word_1_178' title='bbox 577 1892 801 1933; x_wconf 81' lang='lat' dir='ltr'>contingunt</span> <span class='ocrx_word' id='word_1_179' title='bbox 827 1892 1153 1933; x_wconf 87' lang='lat' dir='ltr'>(quemadmodum</span> <span class='ocrx_word' id='word_1_180' title='bbox 1190 1891 1250 1923; x_wconf 85' lang='lat' dir='ltr'>hic</span> <span class='ocrx_word' id='word_1_181' title='bbox 1285 1891 1361 1923; x_wconf 86' lang='lat' dir='ltr'>dux</span> <span class='ocrx_word' id='word_1_182' title='bbox 1394 1891 1458 1932; x_wconf 89' lang='lat' dir='ltr'>qui</span> <span class='ocrx_word' id='word_1_183' title='bbox 1493 1890 1576 1922; x_wconf 87' lang='lat' dir='ltr'>eius</span> <span class='ocrx_word' id='word_1_184' title='bbox 1611 1898 1723 1930; x_wconf 89' lang='lat' dir='ltr'>gener</span> 
     </span>
     <span class='ocr_line' id='line_1_25' title="bbox 85 1943 1719 1986; baseline -0.002 -9"><span class='ocrx_word' id='word_1_185' title='bbox 85 1945 168 1982; x_wconf 80' lang='lat' dir='ltr'>est).</span> <span class='ocrx_word' id='word_1_186' title='bbox 194 1945 394 1977; x_wconf 86' lang='lat' dir='ltr'>concedere</span> <span class='ocrx_word' id='word_1_187' title='bbox 417 1954 507 1977; x_wconf 86' lang='lat' dir='ltr'>sane</span> <span class='ocrx_word' id='word_1_188' title='bbox 531 1945 690 1977; x_wconf 88' lang='lat' dir='ltr'>libenter</span> <span class='ocrx_word' id='word_1_189' title='bbox 714 1945 895 1981; x_wconf 73' lang='lat' dir='ltr'>instituit,</span> <span class='ocrx_word' id='word_1_190' title='bbox 921 1945 1120 1986; x_wconf 80' lang='lat' dir='ltr'>buil-aeque</span> <span class='ocrx_word' id='word_1_191' title='bbox 1144 1945 1187 1977; x_wconf 91' lang='lat' dir='ltr'>de</span> <span class='ocrx_word' id='word_1_192' title='bbox 1210 1954 1254 1977; x_wconf 88' lang='lat' dir='ltr'>ea</span> <span class='ocrx_word' id='word_1_193' title='bbox 1277 1953 1315 1976; x_wconf 86' lang='lat' dir='ltr'>re</span> <span class='ocrx_word' id='word_1_194' title='bbox 1338 1944 1534 1985; x_wconf 86' lang='lat' dir='ltr'>expeditae</span> <span class='ocrx_word' id='word_1_195' title='bbox 1556 1943 1719 1979; x_wconf 79' lang='lat' dir='ltr'>fuerunt;</span> 
     </span>
     <span class='ocr_line' id='line_1_26' title="bbox 86 1996 1721 2039; baseline -0.001 -10"><span class='ocrx_word' id='word_1_196' title='bbox 86 1999 149 2031; x_wconf 84' lang='lat' dir='ltr'>sed</span> <span class='ocrx_word' id='word_1_197' title='bbox 173 2007 255 2030; x_wconf 87' lang='lat' dir='ltr'>cum</span> <span class='ocrx_word' id='word_1_198' title='bbox 280 1998 413 2030; x_wconf 87' lang='lat' dir='ltr'>deinde</span> <span class='ocrx_word' id='word_1_199' title='bbox 437 1998 567 2030; x_wconf 83' lang='lat' dir='ltr'>multis</span> <span class='ocrx_word' id='word_1_200' title='bbox 590 2008 680 2030; x_wconf 84' lang='lat' dir='ltr'>sane</span> <span class='ocrx_word' id='word_1_201' title='bbox 704 2008 748 2030; x_wconf 81' lang='lat' dir='ltr'>ex</span> <span class='ocrx_word' id='word_1_202' title='bbox 772 1998 945 2039; x_wconf 84' lang='lat' dir='ltr'>partibus</span> <span class='ocrx_word' id='word_1_203' title='bbox 968 2000 1003 2030; x_wconf 92' lang='lat' dir='ltr'>et</span> <span class='ocrx_word' id='word_1_204' title='bbox 1030 1998 1246 2039; x_wconf 82' lang='lat' dir='ltr'>regionibus</span> <span class='ocrx_word' id='word_1_205' title='bbox 1270 1998 1486 2039; x_wconf 76' lang='lat' dir='ltr'>cognoverit</span> <span class='ocrx_word' id='word_1_206' title='bbox 1509 1997 1598 2030; x_wconf 67' lang='lat' dir='ltr'><strong>S.¹³S</strong></span> <span class='ocrx_word' id='word_1_207' title='bbox 1623 1996 1658 2028; x_wconf 83' lang='lat' dir='ltr'>S.</span> <span class='ocrx_word' id='word_1_208' title='bbox 1684 1996 1721 2027; x_wconf 94' lang='lat' dir='ltr'>id</span> 
     </span>
     <span class='ocr_line' id='line_1_27' title="bbox 86 2050 1720 2093; baseline -0.001 -10"><span class='ocrx_word' id='word_1_209' title='bbox 86 2051 262 2092; x_wconf 90' lang='lat' dir='ltr'>oppidum</span> <span class='ocrx_word' id='word_1_210' title='bbox 288 2051 517 2093; x_wconf 81' lang='lat' dir='ltr'>Diusbergae</span> <span class='ocrx_word' id='word_1_211' title='bbox 542 2052 677 2083; x_wconf 80' lang='lat' dir='ltr'>asilum</span> <span class='ocrx_word' id='word_1_212' title='bbox 701 2052 888 2093; x_wconf 83' lang='lat' dir='ltr'>quoddam</span> <span class='ocrx_word' id='word_1_213' title='bbox 912 2061 993 2084; x_wconf 87' lang='lat' dir='ltr'>esse</span> <span class='ocrx_word' id='word_1_214' title='bbox 1018 2052 1302 2089; x_wconf 82' lang='lat' dir='ltr'>baereticorum,</span> <span class='ocrx_word' id='word_1_215' title='bbox 1328 2052 1440 2092; x_wconf 87' lang='lat' dir='ltr'>atque</span> <span class='ocrx_word' id='word_1_216' title='bbox 1464 2060 1509 2083; x_wconf 81' lang='lat' dir='ltr'>ex</span> <span class='ocrx_word' id='word_1_217' title='bbox 1533 2051 1602 2082; x_wconf 87' lang='lat' dir='ltr'>hac</span> <span class='ocrx_word' id='word_1_218' title='bbox 1626 2050 1720 2082; x_wconf 89' lang='lat' dir='ltr'>inibi</span> 
     </span>
     <span class='ocr_line' id='line_1_28' title="bbox 85 2104 1722 2147; baseline -0.001 -10"><span class='ocrx_word' id='word_1_219' title='bbox 85 2105 270 2137; x_wconf 86' lang='lat' dir='ltr'>erectione</span> <span class='ocrx_word' id='word_1_220' title='bbox 286 2105 498 2137; x_wconf 85' lang='lat' dir='ltr'>academiae</span> <span class='ocrx_word' id='word_1_221' title='bbox 516 2114 691 2147; x_wconf 79' lang='lat' dir='ltr'>magnum</span> <span class='ocrx_word' id='word_1_222' title='bbox 709 2105 792 2137; x_wconf 85' lang='lat' dir='ltr'>fidei</span> <span class='ocrx_word' id='word_1_223' title='bbox 812 2105 1020 2138; x_wconf 82' lang='lat' dir='ltr'>catholicae</span> <span class='ocrx_word' id='word_1_224' title='bbox 1037 2106 1213 2137; x_wconf 86' lang='lat' dir='ltr'>damnum</span> <span class='ocrx_word' id='word_1_225' title='bbox 1230 2114 1338 2146; x_wconf 87' lang='lat' dir='ltr'>posse</span> <span class='ocrx_word' id='word_1_226' title='bbox 1355 2104 1552 2146; x_wconf 79' lang='lat' dir='ltr'>proficisci,</span> <span class='ocrx_word' id='word_1_227' title='bbox 1568 2104 1722 2145; x_wconf 89' lang='lat' dir='ltr'>proinde</span> 
     </span>
     <span class='ocr_line' id='line_1_29' title="bbox 85 2157 1722 2200; baseline -0.001 -10"><span class='ocrx_word' id='word_1_228' title='bbox 85 2167 163 2190; x_wconf 83' lang='lat' dir='ltr'>eam</span> <span class='ocrx_word' id='word_1_229' title='bbox 189 2158 402 2191; x_wconf 81' lang='lat' dir='ltr'>facultatem</span> <span class='ocrx_word' id='word_1_230' title='bbox 427 2168 538 2199; x_wconf 89' lang='lat' dir='ltr'>quam</span> <span class='ocrx_word' id='word_1_231' title='bbox 562 2159 714 2191; x_wconf 84' lang='lat' dir='ltr'>dederat</span> <span class='ocrx_word' id='word_1_232' title='bbox 737 2161 793 2191; x_wconf 83' lang='lat' dir='ltr'>est</span> <span class='ocrx_word' id='word_1_233' title='bbox 817 2160 946 2191; x_wconf 84' lang='lat' dir='ltr'>coacta</span> <span class='ocrx_word' id='word_1_234' title='bbox 963 2168 1145 2192; x_wconf 80' lang='lat' dir='ltr'>revocare.</span> <span class='ocrx_word' id='word_1_235' title='bbox 1165 2168 1277 2200; x_wconf 89' lang='lat' dir='ltr'>quam</span> <span class='ocrx_word' id='word_1_236' title='bbox 1295 2159 1566 2190; x_wconf 76' lang='lat' dir='ltr'>revocationem</span> <span class='ocrx_word' id='word_1_237' title='bbox 1591 2166 1637 2189; x_wconf 91' lang='lat' dir='ltr'>ne</span> <span class='ocrx_word' id='word_1_238' title='bbox 1660 2157 1722 2189; x_wconf 91' lang='lat' dir='ltr'>ille</span> 
     </span>
     <span class='ocr_line' id='line_1_30' title="bbox 84 2211 1721 2254; baseline 0 -11"><span class='ocrx_word' id='word_1_239' title='bbox 84 2213 160 2244; x_wconf 79' lang='lat' dir='ltr'>dux</span> <span class='ocrx_word' id='word_1_240' title='bbox 183 2221 292 2253; x_wconf 81' lang='lat' dir='ltr'>aegre</span> <span class='ocrx_word' id='word_1_241' title='bbox 315 2213 419 2251; x_wconf 76' lang='lat' dir='ltr'>ferat,</span> <span class='ocrx_word' id='word_1_242' title='bbox 446 2212 576 2244; x_wconf 67' lang='lat' dir='ltr'>s&#39;·ribit</span> <span class='ocrx_word' id='word_1_243' title='bbox 600 2212 645 2244; x_wconf 90' lang='lat' dir='ltr'>ad</span> <span class='ocrx_word' id='word_1_244' title='bbox 670 2222 754 2244; x_wconf 88' lang='lat' dir='ltr'>eum</span> <span class='ocrx_word' id='word_1_245' title='bbox 779 2213 888 2245; x_wconf 81' lang='lat' dir='ltr'>breve</span> <span class='ocrx_word' id='word_1_246' title='bbox 911 2213 1009 2254; x_wconf 89' lang='lat' dir='ltr'>quod</span> <span class='ocrx_word' id='word_1_247' title='bbox 1035 2213 1095 2244; x_wconf 89' lang='lat' dir='ltr'>his</span> <span class='ocrx_word' id='word_1_248' title='bbox 1118 2212 1255 2244; x_wconf 85' lang='lat' dir='ltr'>litteris</span> <span class='ocrx_word' id='word_1_249' title='bbox 1280 2213 1449 2244; x_wconf 89' lang='lat' dir='ltr'>iunctum</span> <span class='ocrx_word' id='word_1_250' title='bbox 1466 2213 1534 2251; x_wconf 78' lang='lat' dir='ltr'>est⁷</span> <span class='ocrx_word' id='word_1_251' title='bbox 1553 2211 1721 2252; x_wconf 86' lang='lat' dir='ltr'>mihique</span> 
     </span>
     <span class='ocr_line' id='line_1_31' title="bbox 86 2265 1721 2307; baseline 0 -11"><span class='ocrx_word' id='word_1_252' title='bbox 86 2266 252 2297; x_wconf 85' lang='lat' dir='ltr'>iniunxit</span> <span class='ocrx_word' id='word_1_253' title='bbox 276 2266 318 2297; x_wconf 89' lang='lat' dir='ltr'>ut</span> <span class='ocrx_word' id='word_1_254' title='bbox 342 2265 433 2297; x_wconf 88' lang='lat' dir='ltr'>illud</span> <span class='ocrx_word' id='word_1_255' title='bbox 458 2275 542 2298; x_wconf 82' lang='lat' dir='ltr'>cum</span> <span class='ocrx_word' id='word_1_256' title='bbox 565 2266 647 2298; x_wconf 90' lang='lat' dir='ltr'>eius</span> <span class='ocrx_word' id='word_1_257' title='bbox 670 2266 837 2307; x_wconf 85' lang='lat' dir='ltr'>exemplo</span> <span class='ocrx_word' id='word_1_258' title='bbox 872 2266 911 2298; x_wconf 89' lang='lat' dir='ltr'>in</span> <span class='ocrx_word' id='word_1_259' title='bbox 947 2276 1079 2298; x_wconf 86' lang='lat' dir='ltr'>manus</span> <span class='ocrx_word' id='word_1_260' title='bbox 1113 2266 1274 2298; x_wconf 68' lang='lat' dir='ltr'>Revmae</span> <span class='ocrx_word' id='word_1_261' title='bbox 1299 2266 1393 2298; x_wconf 62' lang='lat' dir='ltr'>nnis</span> <span class='ocrx_word' id='word_1_262' title='bbox 1424 2266 1464 2298; x_wconf 88' lang='lat' dir='ltr'>T.</span> <span class='ocrx_word' id='word_1_263' title='bbox 1496 2266 1653 2298; x_wconf 82' lang='lat' dir='ltr'>mittam.</span> <span class='ocrx_word' id='word_1_264' title='bbox 1680 2266 1721 2297; x_wconf 89' lang='lat' dir='ltr'>ut</span> 
     </span>
     <span class='ocr_line' id='line_1_32' title="bbox 85 2319 1721 2361; baseline 0 -11"><span class='ocrx_word' id='word_1_265' title='bbox 85 2328 127 2350; x_wconf 85' lang='lat' dir='ltr'>eo</span> <span class='ocrx_word' id='word_1_266' title='bbox 150 2319 231 2350; x_wconf 81' lang='lat' dir='ltr'>viso</span> <span class='ocrx_word' id='word_1_267' title='bbox 254 2319 528 2351; x_wconf 81' lang='lat' dir='ltr'>communicare</span> <span class='ocrx_word' id='word_1_268' title='bbox 551 2328 633 2351; x_wconf 78' lang='lat' dir='ltr'>cum</span> <span class='ocrx_word' id='word_1_269' title='bbox 660 2319 881 2360; x_wconf 88' lang='lat' dir='ltr'>imperatore</span> <span class='ocrx_word' id='word_1_270' title='bbox 904 2329 980 2351; x_wconf 86' lang='lat' dir='ltr'>rem</span> <span class='ocrx_word' id='word_1_271' title='bbox 1004 2320 1136 2361; x_wconf 76' lang='lat' dir='ltr'>possit,</span> <span class='ocrx_word' id='word_1_272' title='bbox 1162 2321 1275 2361; x_wconf 89' lang='lat' dir='ltr'>atque</span> <span class='ocrx_word' id='word_1_273' title='bbox 1309 2320 1355 2351; x_wconf 88' lang='lat' dir='ltr'>ah</span> <span class='ocrx_word' id='word_1_274' title='bbox 1389 2329 1431 2352; x_wconf 91' lang='lat' dir='ltr'>eo</span> <span class='ocrx_word' id='word_1_275' title='bbox 1466 2319 1655 2361; x_wconf 83' lang='lat' dir='ltr'>postulare</span> <span class='ocrx_word' id='word_1_276' title='bbox 1680 2320 1721 2350; x_wconf 89' lang='lat' dir='ltr'>ut</span> 
     </span>
     <span class='ocr_line' id='line_1_33' title="bbox 88 2372 1722 2414; baseline 0.001 -12"><span class='ocrx_word' id='word_1_277' title='bbox 88 2372 173 2403; x_wconf 86' lang='lat' dir='ltr'>huic</span> <span class='ocrx_word' id='word_1_278' title='bbox 208 2372 309 2404; x_wconf 73' lang='lat' dir='ltr'>brevi</span> <span class='ocrx_word' id='word_1_279' title='bbox 344 2372 548 2414; x_wconf 81' lang='lat' dir='ltr'>adiungere</span> <span class='ocrx_word' id='word_1_280' title='bbox 583 2373 672 2404; x_wconf 83' lang='lat' dir='ltr'>velit</span> <span class='ocrx_word' id='word_1_281' title='bbox 706 2382 794 2404; x_wconf 87' lang='lat' dir='ltr'>suas</span> <span class='ocrx_word' id='word_1_282' title='bbox 830 2373 1007 2405; x_wconf 82' lang='lat' dir='ltr'>litteras»</span> <span class='ocrx_word' id='word_1_283' title='bbox 1034 2373 1141 2414; x_wconf 82' lang='lat' dir='ltr'>Apud</span> <span class='ocrx_word' id='word_1_284' title='bbox 1166 2373 1201 2405; x_wconf 90' lang='lat' dir='ltr'>S.</span> <span class='ocrx_word' id='word_1_285' title='bbox 1227 2373 1453 2406; x_wconf 68' lang='lat' dir='ltr'>STEINHER‘A:</span> <span class='ocrx_word' id='word_1_286' title='bbox 1482 2372 1722 2404; x_wconf 51' lang='lat' dir='ltr'>Nuntiatur-</span> 
     </span>
     <span class='ocr_line' id='line_1_34' title="bbox 85 2425 1718 2468; baseline 0.002 -12"><span class='ocrx_word' id='word_1_287' title='bbox 85 2425 254 2457; x_wconf 71' lang='lat' dir='ltr'>berichte</span> <span class='ocrx_word' id='word_1_288' title='bbox 277 2434 354 2457; x_wconf 76' lang='lat' dir='ltr'>aus</span> <span class='ocrx_word' id='word_1_289' title='bbox 379 2425 652 2457; x_wconf 69' lang='lat' dir='ltr'>Dentsemand</span> <span class='ocrx_word' id='word_1_290' title='bbox 678 2445 716 2448; x_wconf 27' lang='grc' dir='ltr'>Α</span> <span class='ocrx_word' id='word_1_291' title='bbox 741 2426 876 2458; x_wconf 83' lang='lat' dir='ltr'>Zweite</span> <span class='ocrx_word' id='word_1_292' title='bbox 911 2426 1142 2468; x_wconf 69' lang='lat' dir='ltr'>Abtheilung</span> <span class='ocrx_word' id='word_1_293' title='bbox 1180 2427 1355 2459; x_wconf 67' lang='grc'><strong>1560-1572</strong></span> <span class='ocrx_word' id='word_1_294' title='bbox 1378 2446 1417 2449; x_wconf 28' lang='grc' dir='ltr'><em>κ</em></span> <span class='ocrx_word' id='word_1_295' title='bbox 1445 2427 1569 2458; x_wconf 76' lang='lat' dir='ltr'>Erster</span> <span class='ocrx_word' id='word_1_296' title='bbox 1605 2426 1718 2460; x_wconf 81' lang='lat' dir='ltr'>Band.</span> 
     </span>
     <span class='ocr_line' id='line_1_35' title="bbox 84 2478 233 2510; baseline 0.013 -2"><span class='ocrx_word' id='word_1_297' title='bbox 84 2478 233 2510; x_wconf 59' lang='lat'>333-234.</span> 
     </span>
    </p>

    <p class='ocr_par' dir='ltr' id='par_1_9' title="bbox 147 2531 770 2572">
     <span class='ocr_line' id='line_1_36' title="bbox 147 2531 770 2572; baseline 0.003 -9"><span class='ocrx_word' id='word_1_298' title='bbox 147 2534 158 2550; x_wconf 71' lang='lat'><strong>²</strong></span> <span class='ocrx_word' id='word_1_299' title='bbox 182 2531 232 2564; x_wconf 85' lang='lat' dir='ltr'>Cf.</span> <span class='ocrx_word' id='word_1_300' title='bbox 259 2532 353 2565; x_wconf 80' lang='lat' dir='ltr'>Litr.</span> <span class='ocrx_word' id='word_1_301' title='bbox 383 2531 604 2572; x_wconf 64' lang='lat' dir='ltr'>Quadi-im..</span> <span class='ocrx_word' id='word_1_302' title='bbox 633 2533 672 2565; x_wconf 71' lang='grc' dir='ltr'>Υ.</span> <span class='ocrx_word' id='word_1_303' title='bbox 698 2534 770 2565; x_wconf 68' lang='lat'>2:37.</span> 
     </span>
    </p>
   </div>
  </div>
 </body>
</html>
