2099 3516
618 500 823 540 BREVIS
862 499 1097 539 NOTITIA

353 613 529 639 CODICUM
557 611 704 644 QUIBUS
732 611 770 635 IN
798 610 876 635 HOC
907 609 1115 635 VOLUMINE
1143 607 1207 634 USI
1235 607 1368 633 SUMUS

153 827 367 879 Aquitan.
397 827 438 868 9.
460 826 670 867 Collectio
691 826 995 876 catalogorum
1017 823 1227 874 antiquae
1255 821 1508 873 provinciae
1539 821 1677 872 Aqui-

47 900 194 939 taniae
224 899 320 939 Soc.
354 899 452 938 [esu
483 899 538 937 ab
568 909 687 936 anno
720 897 834 936 1566.

154 971 356 1021 Aragon.
390 969 453 1010 15.
485 968 684 1020 Catalogi
716 967 967 1019 Aragoniae
997 968 1052 1006 ab
1082 966 1193 1017 ipsis
1237 965 1490 1016 provinciae
1520 964 1674 1004 initiis.

152 1041 337 1083 Austria
369 1040 459 1081 122.
490 1040 696 1080 Continet
724 1039 951 1089 catalogos
979 1037 1267 1089 collegiorum
1291 1036 1498 1076 Austriae
1528 1037 1569 1074 et
1599 1035 1673 1074 ali-

47 1125 160 1165 quos
189 1112 364 1164 collegii
395 1112 626 1163 pragensis
662 1113 701 1150 et
733 1110 1047 1161 tyrnaviensis.

155 1183 344 1225 Bohem.
374 1182 443 1224 89.
474 1183 681 1223 Continet
709 1182 934 1233 catalogos
965 1181 1252 1232 collegiorum
1286 1178 1539 1219 Bohemiae.

155 1255 279 1297 Cast.
315 1255 377 1296 13.
409 1255 607 1306 Catalogi
638 1254 925 1304 collegiorum
975 1251 1229 1302 provinciae
1259 1250 1476 1291 Castellae
1506 1248 1677 1288 Veteris

49 1328 103 1366 ad
133 1339 300 1367 annum
332 1327 420 1366 fere
452 1327 567 1366 1577.

156 1398 314 1450 Comp.
348 1397 515 1439 Chron.
548 1397 598 1437 Ρ.
631 1396 822 1445 Araldi.‚
856 1409 895 1436 v.
927 1401 1065 1444 Neap.
1098 1401 1171 1434 ¹72.

155 1469 267 1521 Epp.
299 1468 392 1510 NN.
427 1468 514 1509 103.
548 1469 684 1519 Epist.
718 1469 766 1508 B.
801 1467 962 1519 Ignatii
993 1467 1046 1506 de
1076 1466 1291 1506 Azevedo.

154 1540 269 1581 Gall.
299 1540 364 1581 53.
389 1540 595 1581 Continet
615 1540 742 1591 epist.
767 1529 1113 1590 quadrimestres
1142 1540 1183 1577 et
1208 1549 1383 1576 annuas
1404 1548 1457 1575 ex
1477 1534 1678 1583 collegiis

48 1613 218 1653 Galliae
249 1613 433 1651 Romam
465 1612 625 1651 missas
655 1612 710 1650 ab
731 1623 849 1650 anno
872 1610 987 1649 1557.
1014 1609 1077 1649 Cf.
1106 1611 1214 1649 Litt.
1251 1609 1482 1656 Qnadrim.
1508 1607 1559 1653 V,
1581 1606 1673 1645 967.

155 1683 272 1725 Gall.
302 1683 369 1724 79.
402 1684 538 1735 Epist.
571 1696 623 1722 ex
653 1683 799 1728 Gallia
830 1683 874 1721 in
907 1682 1069 1722 Urbem
1094 1681 1254 1720 missae
1284 1679 1415 1719 annis
1438 1678 1676 1718 1557-1561.

155 1755 307 1797 Germ.
342 1755 431 1796 131.
462 1755 661 1805 Catalogi
691 1754 979 1805 collegiorum
1029 1751 1308 1799 Germaniae,
1342 1750 1564 1797 Austriae,
1598 1750 1677 1789 Bo-

49 1828 221 1867 hemiae
250 1828 306 1866 ab
335 1827 446 1878 ipsis
479 1826 768 1877 collegiorum
800 1824 1070 1876 primordiis.

155 1898 307 1940 Germ.
341 1898 430 1939 139.
463 1898 669 1939 Continet
698 1897 826 1949 epist.
855 1896 1201 1948 quadrimestres
1240 1907 1292 1934 ex
1326 1894 1563 1934 Germania
1595 1894 1678 1932 Ro-

50 1984 165 2011 mam
198 1971 357 2010 missas
386 1970 517 2010 annis
548 1970 665 2017 1558,
700 1969 940 2008 1560-1565.

155 2041 307 2083 Germ.
341 2041 431 2082 142.
463 2041 599 2092 Epist.
633 2053 684 2080 ex
715 2040 952 2081 Germania
1000 2039 1046 2078 in
1086 2038 1248 2078 Urbem
1282 2038 1444 2077 missae
1474 2038 1529 2076 ab
1559 2049 1678 2076 anno

51 2116 153 2155 1556
182 2115 235 2153 ad
267 2126 459 2153 mensem
493 2113 699 2153 Martium
732 2113 847 2152 1561.

156 2185 307 2227 Germ.
342 2184 431 2226 143.
467 2184 672 2225 Continet
711 2184 906 2235 reliquas
953 2184 1080 2235 epist.
1131 2195 1183 2222 ex
1231 2181 1469 2222 Germania
1519 2180 1678 2219 missas

49 2271 167 2298 anno
200 2258 313 2297 1561.

155 2328 306 2370 Germ.
341 2328 430 2369 144.
464 2328 601 2379 Epist.
634 2340 686 2367 ex
716 2327 917 2379 collegiis
965 2326 1244 2373 Germaniae,
1278 2326 1500 2371 Austriae,
1534 2324 1677 2363 Bobe-

50 2401 163 2441 miae
193 2401 239 2440 in
270 2400 433 2441 Urbem
464 2400 625 2440 missae
655 2399 786 2439 annis
818 2399 1060 2438 1562-1563.

156 2471 283 2523 Hisp.
318 2471 384 2512 96.
419 2471 555 2522 Epist.
579 2483 631 2511 ex
656 2471 857 2521 collegiis
880 2470 1122 2521 Hispaniae
1145 2470 1331 2508 Romam
1362 2469 1525 2507 missae
1546 2467 1678 2506 annis

52 2543 290 2582 1558-1559.

156 2613 283 2665 Hisp.
305 2613 371 2654 97.
391 2613 528 2664 Epist.
552 2626 604 2652 ex
625 2613 781 2664 colleg.
808 2613 993 2663 Hispan.
1016 2613 1203 2651 Romam
1224 2611 1387 2650 missae
1408 2610 1540 2650 annis
1559 2610 1674 2648 1560.

156 2684 285 2736 Hisp.
305 2683 372 2724 98.
444 2701 463 2719 >>
577 2702 595 2719 »
713 2702 728 2716 »
897 2701 915 2718 »
1109 2700 1127 2717 »
1295 2699 1314 2716 »
1454 2698 1473 2716 »
1561 2680 1674 2719 14569..

157 2755 284 2807 Hisp.
306 2755 465 2796 99.»
579 2773 598 2790 »
712 2774 730 2790 »
898 2773 917 2789 »
1112 2772 1130 2788 »
1300 2771 1317 2787 »
1459 2770 1477 2786 >>
1562 2751 1676 2790 1562.

156 2825 398 2877 Hisp.10¹.
445 2843 464 2861 »
578 2844 596 2861 »
710 2844 729 2861 »
897 2844 915 2861 »
1110 2844 1128 2860 >›
1296 2842 1314 2859 >›
1456 2842 1474 2858 >>
1561 2822 1674 2861 1564.

156 2896 282 2949 Hisp.
307 2896 395 2938 102.
427 2897 564 2948 Epist.
596 2909 648 2937 ex
678 2897 879 2948 collegiis
908 2897 1152 2947 Hispaniae
1192 2896 1378 2935 Romam
1410 2895 1571 2934 missae
1601 2905 1677 2932 an-

50 2968 120 3007 nis
155 2969 395 3009 1564-1565.

157 3038 328 3080 Histor.
361 3038 465 3081 Soc.
496 3039 561 3080 32.
581 3040 693 3080 Vota
715 3040 1014 3091 professorum
1036 3042 1078 3079 et
1097 3039 1405 3079 coadiutorum
1431 3035 1673 3076 1541-15702.
