2099 3516
512 236 595 273 519.
622 257 666 262 --
693 236 948 273 CONIMBRICA
976 236 998 270 4
1023 235 1123 271 MA11
1151 235 1239 270 1561
1572 234 1643 270 989

169 355 259 394 Deo
289 355 347 395 sit
366 355 514 395 omnis
542 354 700 406 gloria.
722 354 798 406 qui
820 366 896 405 per
926 354 1142 394 sacrificia
1163 356 1205 393 et
1225 365 1375 405 preces
1405 353 1690 393 Reuerendae

63 420 352 460 paternitatis
380 422 482 460 tuae
524 420 753 460 confirmet
781 421 824 459 et
866 421 1027 471 augeat
1054 419 1101 458 in
1144 418 1276 459 nobis
1317 430 1444 458 suam
1484 418 1686 469 gratiam.

62 484 260 525 Viennae
308 484 516 525 Austriae
559 484 766 526 Calendis
809 484 910 535 Maij
959 484 1074 524 1561.
1126 484 1177 525 R.
1222 484 1269 525 P.
1305 484 1353 523 T.
1399 483 1613 534 indignus
1643 482 1690 522 in

62 548 238 589 Christo
276 549 397 589 filius
1542 558 1544 561 ’

815 614 1046 654 HnchUs
1076 614 1286 653 RICKMAN
1316 612 1575 653 Leodiensis
1606 616 1633 652 ¹.

826 872 926 922 519

371 1026 408 1076 F
410 1026 786 1077 RANCISCUS
842 1026 932 1076 DE
992 1026 1385 1076 MONCLARO

581 1174 832 1201 CONIMBRICA
858 1165 880 1200 4
906 1175 998 1200 MA11
1031 1164 1119 1200 1561
1147 1164 1171 1200 2.

60 1307 97 1342 1.
130 1301 363 1342 Sociorum
392 1314 612 1342 numerus
641 1303 680 1341 et
711 1302 823 1341 bona
852 1303 1073 1341 valetudo.
1106 1324 1156 1328 —
1199 1306 1241 1341 2.
1271 1302 1549 1352 Disciplinae
1590 1302 1694 1341 reli·

167 1369 320 1418 yiosae
358 1368 521 1417 fervor.
559 1367 794 1406 Contiones
826 1369 919 1407 tuin
950 1369 999 1406 in
1027 1368 1146 1415 urbe,
1179 1369 1275 1406 tum
1305 1369 1353 1406 in
1383 1369 1545 1406 vicinis
1575 1369 1694 1418 oppi-

169 1434 252 1472 dis.
286 1434 499 1472 Fructus,
524 1455 575 1459 —
597 1437 688 1472 3-4.
718 1434 995 1472 Inimicitiae
1024 1434 1305 1483 compositae.
1329 1455 1380 1459 —
1401 1437 1443 1471 5.
1482 1433 1694 1479 Votorum

167 1499 412 1538 renovatio.
445 1521 494 1525 —-
525 1502 567 1537 6.
597 1499 803 1549 Ingressi
832 1500 880 1537 in
910 1498 1185 1538 Societatem.
1216 1520 1266 1525 —
1298 1502 1339 1538 7.
1387 1499 1694 1537 Alumnorum

168 1576 403 1603 numerus.
435 1565 805 1603 Eoeercitationes.
856 1586 905 1591 —
953 1568 996 1603 8.
1049 1563 1344 1603 Convictores.
1388 1564 1694 1602 Externorum

168 1642 276 1680 erga
304 1630 484 1669 nostros
515 1629 828 1669 benevolentia.
852 1652 902 1656 —
924 1633 966 1668 9.
996 1631 1131 1668 Missi
1160 1630 1218 1668 ad
1246 1630 1400 1669 Indos.
1428 1652 1479 1656 —
1508 1633 1578 1668 10.
1608 1630 1694 1668 Ad-

168 1696 327 1734 ventus
355 1696 479 1734 Pris.
513 1695 663 1734 Nadal
692 1696 986 1746 exspectatur.
1010 1717 1060 1721 —
1079 1699 1144 1734 11.
1165 1695 1356 1734 Aedium
1387 1696 1691 1746 amplificatio.

143 1818 178 1859 1.
206 1819 235 1869 -1-
262 1817 405 1858 JeSl'lS.
438 1841 489 1846 ———
518 1818 621 1869 Muy
664 1818 762 1857 Β.ᾱο
814 1830 869 1858 en
912 1818 990 1857 X.0
1026 1818 1097 1858 P.e
1159 1841 1210 1845 —
1244 1817 1305 1857 La
1348 1829 1523 1857 summa
1552 1817 1695 1869 gratia

62 1895 88 1934 y
118 1894 243 1922 amor
286 1884 465 1922 aeterno
495 1882 548 1922 de
579 1883 656 1922 X.0
691 1885 872 1922 nuestro
902 1882 1042 1922 Senor
1083 1895 1157 1922 sea
1187 1883 1376 1934 siempre
1406 1894 1460 1922 en
1490 1885 1696 1931 nuestras

62 1948 219 1996 almas,
251 1947 394 1988 amen.
426 1948 488 1987 Lo
517 1960 603 1999 que
645 1960 700 1987 en
730 1950 823 1987 esta
866 1948 908 1988 ai
952 1960 1057 2000 para
1087 1948 1282 1988 escreuir
1310 1960 1335 1987 a
1365 1948 1415 1988 V.
1456 1948 1504 1987 P.
1549 1948 1695 1988 destes

62 2013 289 2065 proximos
317 2014 375 2054 40
406 2025 548 2053 meses
568 2025 615 2053 es
635 2025 785 2053 aeerea
807 2014 877 2054 del
907 2016 1146 2065 augmento
1166 2026 1221 2053 en
1242 2014 1369 2053 todas
1398 2014 1465 2053 las
1494 2013 1696 2054 uirtudes

62 2079 116 2119 de
145 2079 212 2119 los
256 2079 309 2119 de
337 2091 455 2126 oasa,
488 2091 515 2130 y
545 2090 615 2118 ser
660 2091 764 2130 muy
794 2079 960 2130 grande
989 2079 1029 2119 el
1058 2079 1248 2119 cuidado
1291 2091 1376 2130 que
1419 2091 1465 2118 se
1496 2079 1612 2118 tiene
1641 2091 1696 2118 en

63 2144 166 2184 todo
196 2144 239 2184 lo
269 2143 422 2184 demas
450 2156 536 2196 que
565 2146 663 2184 toea
684 2156 709 2184 a
729 2144 772 2184 la
801 2144 1094 2184 obseruancia
1115 2145 1168 2184 de
1198 2145 1265 2184 las
1293 2144 1641 2184 constituciones
1670 2157 1696 2196 y

64 2210 221 2261 regias.
253 2210 354 2249 Este
385 2212 471 2249 aiio
501 2222 559 2249 an
588 2209 715 2250 oaido
746 2222 850 2261 muy
881 2222 1014 2261 pocos
1043 2210 1278 2255 enfermos,
1301 2221 1386 2261 que
1416 2221 1499 2249 eon
1528 2222 1697 2249 sermos

62 2277 185 2314 entre
231 2275 396 2315 Padres
425 2288 452 2326 y
482 2275 722 2315 hermanos
766 2276 856 2323 1402,
889 2288 1073 2327 nunqua
1103 2288 1128 2315 a
1157 2275 1292 2315 auido
1336 2274 1430 2314 mas
1468 2275 1522 2315 de
1551 2287 1641 2314 uno
1671 2287 1696 2314 0

63 2340 143 2380 dos
186 2340 407 2380 enfermos
437 2340 566 2380 hasta
608 2353 712 2380 aora
742 2352 819 2391 per
847 2341 887 2380 el
931 2352 1023 2380 mes
1052 2341 1219 2392 pasado
1262 2352 1318 2380 en
1360 2352 1445 2392 que
1483 2352 1539 2380 an
1570 2340 1697 2380 caido

63 2407 236 2456 quatro,
282 2417 368 2457 que
403 2417 482 2457 por
524 2406 652 2445 todos
695 2406 762 2446 los
805 2418 890 2457 que
925 2406 967 2445 al
1011 2408 1241 2457 praesente
1283 2405 1342 2453 ai,
1374 2417 1456 2445 son
1498 2406 1639 2452 oinco,
1671 2418 1697 2457 y

63 2470 191 2510 todos
221 2471 333 2510 ellos
362 2483 409 2511 se
439 2483 529 2511 uan
572 2471 785 2511 hallando
815 2471 975 2511 meior:
1008 2483 1104 2510 mas
1142 2483 1268 2511 como
1297 2471 1338 2511 el
1368 2471 1547 2522 tiempo,
1580 2471 1698 2522 prin-

126 2656 136 2673 ¹
160 2654 202 2687 In
226 2655 416 2695 responsis
439 2655 541 2687 datis
566 2664 664 2687 anno
689 2656 769 2687 1562
792 2656 874 2696 (aut
897 2656 1051 2688 ineunte
1076 2656 1170 2696 1563)
1192 2655 1575 2697 ad›=interrogationes
1604 2655 1697 2688 Pris.

63 2707 192 2744 Nadal,
218 2707 311 2740 dicit
344 2717 384 2740 se
417 2709 547 2740 natum
565 2717 712 2748 anno&
738 2709 783 2741 Q.
800 2710 866 2741 aut
888 2709 940 2748 24,
965 2709 1176 2750 ingressum
1210 2709 1249 2741 in
1279 2709 1502 2742 Societatem
1525 2708 1699 2742 Coloniae

64 2762 151 2794 ante
172 2762 193 2794 8
215 2770 346 2801 annos,
363 2762 524 2803 votaque
548 2762 720 2794 emisisse
743 2762 842 2794 cirea
864 2762 975 2794 finem
999 2762 1089 2794 anni
1106 2763 1204 2797 1554:
1222 2763 1258 2794 et
1281 2762 1418 2794 habere
1441 2763 1588 2794 tantum
1611 2771 1700 2803 qua-

64 2815 150 2847 tuor
172 2815 322 2847 ordines
346 2815 519 2848 minores.
547 2816 588 2848 In
613 2815 736 2848 indice
759 2825 887 2848 eorum
909 2816 975 2857 qui
999 2816 1088 2848 sunt
1110 2816 1150 2848 in
1173 2815 1328 2858 collegio
1361 2816 1556 2848 viennensi
1580 2815 1700 2848 Socie-

64 2868 155 2900 tatis
179 2868 263 2901 Iesu
298 2869 417 2910 prima
450 2869 631 2909 Ianuarii,
656 2878 755 2901 anno
785 2869 932 2901 MDLXI
956 2869 1049 2911 (cod.
1078 2869 1207 2902 Germ.
1232 2869 1315 2906 131,
1340 2869 1364 2902 f.
1390 2870 1465 2909 950)
1488 2870 1702 2901 recensetur

65 2921 135 2953 sub
158 2931 313 2954 numero
336 2923 377 2954 28
400 2922 499 2955 inter
521 2922 765 2964 philosophos
788 2923 897 2964 primi
921 2923 1029 2955 anni:
1055 2923 1239 2955 Henricus
1263 2923 1491 2956 Leodiensis.

127 2977 139 2994 ²
161 2975 214 3007 Ex
238 2975 374 3017 origin.
401 2976 441 3008 in
464 2976 543 3008 cod.
568 2975 667 3008 Lus.
691 2976 750 3012 51,
776 2977 795 3008 2
817 2976 867 3016 ff.‚
892 2986 955 3009 nn.
982 2977 1052 3015 188,
1078 2978 1154 3017 1893
1179 2977 1284 3018 prius
1319 2977 1371 3016 46,
1402 2977 1454 3009 47.
1480 2976 1637 3008 Exstant
1660 2976 1700 3008 in

67 3028 195 3061 eodem
219 3029 299 3062 cod.
326 3029 400 3062 tria
422 3029 590 3071 exempla
613 3030 732 3062 latina
755 3030 794 3062 in
817 3029 853 3063 ff.
880 3030 1032 3069 184-185;
1064 3030 1217 3069 186-187;
1243 3030 1389 3062 190-191.

135 3116 298 3145 wannAE
323 3116 602 3151 Qumnmnsmns.
623 3133 657 3138 —
677 3118 757 3146 TOM.
780 3117 847 3146 VII.
1596 3119 1630 3146 19
