2099 3516
402 259 471 294 0380).
871 259 1075 296 erTERAn
1109 259 1452 305 QUADfflMEs'rREs

353 376 535 416 Rectore
563 379 728 423 nostro,
760 389 888 428 quem
919 377 1002 416 sibi
1039 377 1191 416 adesse
1225 376 1517 427 postularant,
1541 379 1583 417 et
1611 390 1763 418 eorum
1791 390 1966 430 quoque

353 441 570 491 praefecto
611 441 860 481 comitante.
904 440 1087 491 Sequuti
1129 443 1234 480 sunt
1275 441 1564 489 conuictores,
1595 442 1684 481 alio
1722 442 1807 489 die,
1839 443 1966 482 Patre

354 504 536 544 Rectore
565 505 696 544 etiam
738 505 794 544 ab
823 504 925 555 alijs
953 507 1132 544 exorato
1162 507 1205 544 vt
1235 505 1406 544 adesset
1436 517 1535 544 cum
1569 505 1670 556 aliJ's
1700 506 1967 557 quibusdam

353 568 578 609 fratribus.
610 569 674 608 Ac
703 569 893 608 fructum
922 581 975 608 ex
1004 569 1081 609 illa
1109 581 1342 619 corporum
1372 569 1654 619 percussione
1682 572 1966 610 consecutum

353 644 462 680 esse,
495 634 562 672 vel
605 633 707 672 inde
735 633 971 681 cernimus,
1002 634 1119 684 quod
1163 634 1413 684 praesentes
1448 633 1513 673 illi
1544 634 1664 674 velut
1692 646 1745 673 ex
1774 634 1893 685 lupis
1921 634 1968 674 in

353 709 492 748 agnos
535 698 691 737 mutati
721 709 1040 745 mansuescere,
1072 700 1164 738 tum
1210 699 1554 749 praeceptorum,
1586 710 1697 748 quos
1731 701 1832 738 ante
1861 711 1969 738 non·

353 774 550 813 unquam
580 762 703 802 flocci
738 763 1001 813 pendebant,
1034 763 1231 814 imperiis
1260 762 1391 802 solito
1421 763 1563 814 magis
1594 775 1756 803 morem
1804 775 1966 814 gerere,

353 829 395 866 et
423 827 612 878 denique
641 839 693 866 ex
723 827 885 878 agresti
928 827 1190 878 inciuilique
1224 827 1339 866 vitae
1381 827 1701 867 consuetudine
1730 828 1785 867 ad
1815 828 1970 868 huma-

353 892 535 931 nitatem
564 894 607 931 et
636 892 839 942 pietatem
880 903 975 932 sese
1003 892 1228 932 effinxisse
1258 892 1504 931 videantur.
1538 892 1630 932 Hoc
1659 892 1967 932 bacchanalio-

354 968 452 996 rum
489 968 629 1007 genus
659 956 787 996 multi
828 957 1070 1007 probarunt
1099 958 1339 1007 magnates.
1377 956 1610 996 Institutae
1646 958 1865 1007 praeterea
1896 968 1971 1007 per

352 1021 734 1072 quadragesimam
783 1021 962 1061 fuerunt
1002 1022 1149 1061 carnis
1195 1021 1568 1070 mortificationes,
1614 1023 1706 1061 tum
1752 1021 1970 1072 generalis

353 1085 604 1125 celebrandi
633 1086 825 1137 concilij,
857 1089 951 1126 tum
981 1089 1182 1126 votorum
1217 1085 1406 1124 aliorum
1435 1087 1477 1125 et
1506 1085 1682 1136 pietatis
1712 1097 1971 1136 promouen-

353 1150 434 1189 dae
467 1162 614 1189 causa.

432 1215 470 1254 6.
503 1214 702 1264 Quatuor
742 1227 795 1254 ex
837 1216 1002 1255 nostris
1048 1216 1131 1255 hac
1172 1216 1511 1267 quadragesima
1554 1215 1691 1255 sacris
1738 1215 1971 1254 ordinibus

355 1281 459 1318 sunt
488 1279 675 1327 initiati,
708 1282 795 1319 tres
825 1281 927 1320 facti
957 1281 1220 1327 sacerdotes,
1243 1283 1428 1331 quartus
1457 1292 1560 1319 vero
1589 1280 1904 1327 subdiaconus,
1922 1291 1971 1319 ac

354 1355 495 1394 nuper
523 1344 738 1384 diaconus
779 1345 960 1385 effectus
1002 1347 1080 1384 est.
1114 1345 1161 1384 P.
1194 1345 1352 1384 Rector
1393 1347 1584 1395 quatuor
1612 1346 1712 1383 vota
1756 1345 1819 1391 (vt
1847 1355 1972 1383 voca—

355 1409 469 1458 mus)
500 1408 796 1458 professurus,
828 1421 914 1448 vna
942 1421 1041 1448 cum
1071 1409 1247 1448 doctore
1277 1409 1421 1448 Zeidel
1464 1408 1739 1448 xenodochia
1767 1410 1808 1447 et
1837 1407 1972 1447 huius

356 1473 476 1511 vrbis
504 1484 699 1512 carceres
728 1473 853 1523 petiit
868 1482 900 1521 ²¹,
932 1473 1332 1524 vbi-poenitentiae
1360 1473 1723 1512 et-‘eucharistiae
1750 1472 1967 1512 sanctiss.

355 1539 630 1576 sacramenta
659 1538 919 1578 miserrimis
948 1538 1039 1578 illis
1068 1537 1327 1577 hominibus
1356 1537 1738 1584 administrarunt,
1771 1548 1815 1576 re
1848 1548 1971 1576 sacra

355 1601 518 1640 ibidem
548 1605 703 1642 ornato
734 1603 779 1642 in
809 1603 904 1642 loco
935 1606 1123 1654 peracta.
1155 1603 1238 1642 Vbi
1270 1603 1438 1649 vinum,
1471 1614 1628 1653 panem
1658 1604 1699 1641 et
1728 1603 1897 1641 caetera
1917 1601 1972 1640 ad

357 1666 520 1706 victum
549 1668 812 1715 necessaria,
861 1668 1050 1708 corrasis
1093 1668 1328 1707 hincinde
1370 1667 1665 1715 eleemosinis,
1710 1667 1878 1706 affatim
1917 1667 1972 1706 ad

355 1731 449 1770 dies
478 1732 649 1782 aliquot
677 1733 807 1771 ambo
836 1733 1190 1783 suppeditarunt,
1230 1735 1286 1779 et,
1319 1732 1454 1772 veluti
1497 1734 1701 1782 suscepta
1730 1743 1972 1782 pauperum

355 1807 460 1835 cura
489 1797 785 1844 oeconomica,
817 1797 948 1837 lineis
995 1797 1232 1848 praecincti
1276 1797 1451 1847 pannis,
1495 1798 1535 1836 et
1573 1796 1741 1835 detecto
1772 1795 1829 1847 (si
1860 1798 1973 1835 recte

356 1860 554 1911 meminj)
584 1862 740 1912 capite,
784 1874 935 1901 eorum
979 1862 1144 1901 mensis
1186 1862 1498 1901 inseruierunt.
1530 1861 1697 1900 Deinde
1728 1872 1828 1900 vero
1858 1860 1971 1899 idem

357 1925 515 1964 Rector
543 1938 593 1965 ac
621 1926 772 1965 doctor
801 1926 818 1951 ¹³
853 1926 1133 1966 Christianus
1162 1929 1191 1973 ¹,
1231 1926 1370 1965 saccis
1396 1926 1677 1976 'quibusdam
1725 1925 1974 1975 prominen-

356 1989 476 2029 tibus
505 1991 689 2030 humero
710 1991 945 2042 impositis,
968 1992 1140 2042 egregie
1162 1992 1207 2030 in
1229 1990 1429 2042 petendis
1450 2003 1526 2041 per
1545 1990 1770 2030 ciuitatem
1791 1990 1973 2029 eleemo—

357 2054 469 2094 sinis
498 2067 594 2095 sese
623 2059 925 2097 exercuerunt.
956 2056 1051 2106 Qua
1081 2057 1126 2095 in
1156 2068 1201 2095 re
1230 2056 1274 2095 id
1304 2055 1531 2106 assequuti
1562 2057 1680 2100 sunt,
1714 2057 1772 2102 vt,
1822 2066 1974 2105 quam-

358 2119 428 2159 uis
457 2121 728 2160 scomatibus
775 2133 865 2160 non
907 2133 1020 2169 raro,
1053 2133 1215 2171 magna
1257 2123 1403 2159 tamen
1446 2120 1635 2160 aliorum
1682 2119 1973 2158 admiratione

358 2186 691 2236 reuerentiaque
720 2186 953 2237 singulari,
986 2186 1164 2225 fuerunt
1192 2185 1376 2236 excepti,
1408 2185 1665 2236 priusquam
1695 2183 1974 2223 eleemosinis

357 2249 507 2288 onusti
529 2250 708 2290 domum
739 2251 976 2290 redierunt.
1001 2250 1165 2290 Omitto
1194 2250 1306 2289 alias
1337 2249 1633 2300 probationes,
1656 2260 1768 2300 quas
1798 2249 1845 2287 P.
1870 2248 1974 2287 Rec-

358 2315 426 2352 tor
454 2325 573 2353 nunc
601 2315 647 2354 in
676 2315 840 2361 culina,
864 2327 983 2355 nunc
1012 2315 1058 2354 in
1087 2315 1316 2354 refectorio
1346 2314 1574 2354 humiliter
1592 2313 1800 2364 expleuit,
1833 2312 1975 2363 prius-

357 2390 489 2428 quam
520 2379 761 2418 solemnem
789 2380 954 2419 aedidit
985 2379 1316 2430 professionem,
1349 2379 1554 2429 episcopo
1583 2377 1828 2428 hungarico
1870 2379 1974 2416 tunc

359 2454 449 2482 rem
479 2443 678 2483 diuinam
709 2447 943 2495 peragente
971 2446 985 2468 2
1015 2456 1115 2484 cum
1163 2443 1332 2495 ingenti
1361 2443 1613 2483 celebritate
1655 2442 1974 2492 hominumque

421 2616 440 2635 a
461 2609 569 2649 petiit
592 2609 684 2641 add.
709 2618 835 2650 supra
858 2618 960 2641 vers.
996 2628 1035 2631 —
1069 2609 1085 2635 b
1117 2608 1289 2640 dominus
1312 2608 1356 2640 Β.

422 2764 432 2782 ¹
456 2763 492 2795 P.
519 2763 756 2795 Christianus
780 2763 923 2794 Rivius.

421 2817 434 2835 ²³
456 2815 494 2847 Ρ.
519 2815 676 2847 Ioannes
699 2815 743 2847 de
765 2815 931 2848 Victoria
963 2814 1227 2855 professionem
1262 2813 1474 2845 sollemnem
1497 2812 1657 2853 quatuor
1679 2811 1847 2843 votorum
1873 2810 1975 2842 vovit

359 2868 419 2900 die
441 2869 482 2900 020
503 2868 642 2909 Aprilis
666 2868 705 2900 in
728 2868 900 2900 manibus
923 2867 1071 2908 Georgii
1095 2866 1331 2905 Drascovstii,
1354 2865 1518 2906 episcopi
1539 2864 1706 2906 quinque
1728 2863 1973 2901 ecclesiensis‚

360 2922 402 2953 ut
425 2930 469 2953 ex
492 2920 725 2962 autographo
747 2921 905 2953 constat.
931 2920 1034 2960 Quod
1058 2919 1260 2951 modestiae
1284 2918 1430 2951 modum
1453 2918 1491 2949 in
1515 2917 1696 2959 apparatu
1719 2915 1888 2948 adhibito
1917 2924 1976 2947 ex-

360 2974 524 3013 cesserit,
548 2983 569 3006 a
593 2974 630 3006 P.
655 2973 825 3006 Generali
849 2973 1015 3005 suaviter
1036 2971 1282 3013 reprehensus
1314 2972 1371 3004 est
1393 2972 1430 3003 et
1451 2971 1523 3003 levi
1557 2979 1674 3011 poena
1707 2968 1897 3001 multatus.
1922 2968 1972 3001 Cf.

360 3026 505 3058 Laim'i
527 3026 701 3058 Monum.
726 3026 768 3065 V,
792 3027 864 3058 527.
