2099 3516
414 263 484 298 474
884 264 1091 300 LITTERAE
1127 263 1469 307 QUADRJMESTRES

368 380 487 420 hunc
518 381 571 431 (si
601 392 681 420 suo
707 381 889 421 numine
909 382 1058 421 dexter
1077 380 1251 419 affuerit
1273 380 1404 429 Deus)
1428 380 1624 418 ardorem
1648 380 1785 418 animi
1806 380 1981 420 tandem

368 446 609 497 aliquando
651 447 916 497 expleturos.
964 446 1129 487 Classis
1172 447 1285 484 certe
1329 444 1567 483 rhetorices
1609 444 1841 495 discipulis
1890 445 1982 496 (qui

368 512 524 549 octauo
554 523 729 561 quoque
771 512 841 550 die
884 511 1207 561 disputationes
1250 509 1295 547 in
1339 508 1519 555 scholis.
1551 509 1774 548 orationes
1812 509 1983 559 publice

368 575 549 623 habent)
592 587 728 614 vnum
771 576 815 615 id
859 578 925 615 est
968 575 1257 626 propositum,
1292 575 1335 612 vt
1363 584 1536 612 summa
1578 585 1677 612 cum
1716 573 1872 624 gratia,
1904 585 1983 613 nec

368 638 529 678 minori
560 640 791 679 verborum
824 639 1043 690 elegantia
1073 641 1203 689 atque
1246 637 1465 676 sermonis
1496 640 1739 684 venustate,
1771 649 1853 676 sua
1881 637 1983 677 aliis

368 715 498 742 sensa
527 704 746 754 explicare
774 707 951 755 queant.
986 704 1270 754 Reliquarum
1303 714 1408 741 uero
1438 701 1648 740 classium
1683 702 1907 741 auditores
1937 702 1982 741 in

369 768 451 807 hoc
472 768 597 807 vnice
620 769 896 814 incumbunt.
921 771 966 807 vt
986 780 1065 807 sua
1087 767 1291 818 epistolia
1311 767 1401 805 sint
1425 778 1558 816 quam
1579 767 1929 805 elaboratissima
1951 769 1979 806 ¹.

368 831 590 881 Quantum
623 845 751 883 porro
782 833 828 872 in
859 834 1019 884 pietate
1048 836 1089 872 et,
1119 832 1247 871 bonis
1270 831 1466 870 moribus
1488 831 1841 881 progrediantur,
1864 831 1983 870 haud

368 897 495 936 facile
525 897 724 937 dixerim.
758 898 978 937 Lubenter
998 897 1201 948 equidem
1232 895 1460 935 mensibus
1481 895 1673 946 singulis
1697 898 1873 946 peccata
1902 907 1983 935 sua

367 962 582 1001 sacerdoti
612 963 836 1013 detegunt,
860 962 1066 1001 nonnulli
1088 962 1218 1001 etiam
1241 960 1452 1000 crebrius.
1477 960 1780 999 Eucharistiae
1810 972 1984 1011 quoque

367 1029 690 1066 sacramentum
730 1039 820 1066 non
862 1039 960 1066 raro
990 1028 1186 1073 sumunt.
1222 1025 1291 1064 vbi
1324 1025 1579 1075 praesertim
1623 1025 1849 1064 solennior
1890 1025 1984 1064 dies

367 1090 531 1140 aliquis
564 1091 814 1130 occurrerit.
848 1091 1179 1142 Augustissimo
1213 1089 1342 1129 altari
1385 1089 1600 1128 sacrificio
1643 1089 1839 1140 quotidie
1873 1089 1982 1128 mira

367 1155 555 1204 quadani
587 1156 823 1195 deuotione
854 1156 1096 1198 intersunt:
1130 1155 1203 1193 vbi
1234 1155 1316 1193 hoc
1346 1154 1461 1193 inter
1480 1154 1567 1193 alia
1589 1154 1739 1193 uidere
1760 1154 1984 1193 iucundis-

367 1219 527 1258 simum
559 1222 638 1267 661,
671 1221 976 1260 nobilissimos
1005 1232 1203 1271 quosque
1233 1221 1385 1258 sancta
1415 1219 1606 1269 quadam
1645 1218 1886 1257 ambitione
1915 1218 1983 1257 de-

367 1284 591 1323 seruiendi
621 1285 778 1328 officio.
811 1285 915 1325 dum
946 1285 1082 1324 sacris
1112 1284 1316 1323 sacerdos
1345 1286 1566 1334 operatur,
1590 1283 1705 1322 inter
1734 1295 1779 1322 se
1807 1285 1985 1322 conten-

367 1348 482 1388 dere.
515 1349 630 1398 Quid
659 1351 777 1401 quod
808 1350 935 1389 multi
966 1350 1148 1396 auitam,
1171 1349 1247 1388 sed
1273 1360 1382 1398 pene
1403 1349 1489 1387 iam
1512 1349 1745 1399 sepultam,
1777 1348 1983 1398 pietatem

367 1416 625 1453 reuocantes
655 1415 971 1454 adolescentuli
1002 1414 1159 1453 altaria
1188 1414 1307 1453 domi
1334 1424 1454 1461 suae,
1488 1415 1718 1463 parentum
1747 1424 1981 1460 consensu,

366 1479 590 1526 extruunt,
623 1479 895 1530 imaginibus
921 1481 1095 1526 ornant,
1119 1479 1310 1529 preculis
1331 1477 1705 1528 frequentioribus
1734 1477 1984 1516 honorant?

367 1540 451 1580 Sed
481 1542 636 1582 desino
666 1543 851 1582 minima
880 1555 1080 1594 quaeque
1124 1543 1340 1593 persequi.
1374 1543 1511 1581 Verae
1555 1542 1784 1593 religionis
1816 1553 1982 1591 omnes,

367 1618 689 1658 germanaeque
718 1608 895 1659 pietatis
924 1609 1111 1648 solidam
1142 1610 1183 1647 61
1212 1619 1463 1658 expressam
1491 1619 1592 1658 prae
1621 1619 1668 1646 se
1697 1607 1807 1646 ferre
1837 1607 1985 1646 uiden-

367 1671 439 1709 tur
467 1671 668 1722 effigiem.

445 1735 482 1774 5.
529 1735 655 1775 Nouo
697 1737 870 1787 collegij
916 1737 1130 1783 aedificio,
1181 1737 1297 1787 quod
1347 1749 1372 1775 a
1419 1736 1720 1775 fundamentis
1767 1735 1983 1786 superiori

366 1811 484 1839 anno
513 1801 791 1851 auspicatum
821 1802 918 1847 fuit.
950 1804 1142 1841 extrema
1181 1802 1267 1840 iam
1298 1812 1457 1840 manus
1487 1800 1684 1840 accessit.
1719 1799 1984 1840 Curauimus

364 1866 511 1903 autem
541 1865 652 1904 illud
682 1877 707 1904 a
737 1864 833 1905 R.‘¹0
863 1866 910 1906 Ρ.
934 1866 1204 1905 Prouinciali
1227 1865 1502 1916 praecedenti
1533 1876 1697 1912 mense,
1720 1864 1983 1904 solennibus

364 1929 578 1968 adhibitis
607 1931 881 1981 ceremonijs,
906 1931 1119 1974 benedici.
1142 1933 1183 1970 et
1213 1931 1299 1969 iam
1330 1931 1446 1969 bona
1471 1930 1566 1969 eius
1588 1941 1689 1980 pars
1718 1941 1743 1968 a
1773 1929 1983 1968 fratribus

365 1994 530 2033 nostris
558 1997 709 2042 coepta
738 1997 804 2034 est
833 1995 1038 2035 habitari.
1071 1996 1334 2035 Benedictus
1363 2006 1500 2046 vsque
1530 1994 1748 2034 Dominus
1776 1993 1853 2045 qui
1873 1993 1983 2045 adij-

364 2057 423 2097 cit
452 2059 581 2098 nobis
609 2059 777 2099 affatim
807 2060 970 2109 omnia,
1004 2062 1047 2099 vt
1076 2061 1379 2100 custodiamus
1414 2060 1751 2099 iustificationes
1797 2059 1908 2106 eius,
1941 2061 1983 2098 et

364 2122 504 2173 legem
533 2123 629 2163 eius
671 2124 966 2175 exquiramus.
1011 2125 1166 2164 Deerat
1208 2125 1394 2176 collegio
1424 2125 1548 2164 locus
1582 2124 1840 2164 commodus
1871 2123 1983 2163 vnde

364 2197 525 2237 aquam
556 2188 710 2227 vsibus
751 2189 1024 2239 quotidianis
1067 2189 1359 2228 necessariam
1402 2191 1662 2239 peteremus
1710 2188 1843 2228 Iussit
1881 2187 1983 2227 ilico

366 2250 590 2291 illustriss.
637 2253 840 2304 princeps
867 2254 882 2277 2
913 2256 1092 2304 puteum
1123 2254 1168 2292 in
1198 2254 1383 2293 aedibus
1422 2253 1585 2293 nostris
1615 2253 1776 2304 parari,
1808 2264 1862 2292 ne
1890 2252 1984 2291 lon·

365 2315 465 2366 gius
494 2317 680 2367 petendo
710 2320 1002 2368 grauarentur
1022 2318 1175 2357 nostri.
1209 2318 1526 2358 Bibliothecam
1558 2318 1740 2368 insuper
1768 2318 1983 2356 habemus

365 2381 667 2422 selectissimis
708 2382 959 2433 quibusque
988 2383 1252 2423 authoribus
1295 2383 1641 2430 ornatissimam,
1674 2394 1763 2422 non
1792 2381 1946 2421 latinis
1965 2389 1983 2407 ἃ

365 2446 553 2491 tantum,
585 2447 661 2486 sed
703 2449 743 2486 et
787 2447 955 2498 graecis
983 2450 1025 2486 et
1054 2448 1328 2495 haebraicis;
1361 2450 1403 2488 et
1436 2448 1474 2487 si
1504 2447 1579 2499 qui
1611 2448 1720 2487 forte
1754 2447 1884 2486 nobis
1913 2447 1983 2486 de-

366 2512 485 2558 sunt,
522 2511 744 2550 liberrime
773 2523 848 2551 606
877 2524 930 2551 ex
958 2512 1296 2562 opulentissima
1335 2515 1466 2564 atque
1510 2511 1892 2563 praestantissima
1935 2511 1984 2550 il-

366 2574 558 2615 lustriss.
590 2576 717 2615 ducis
746 2576 1014 2616 bibliotheca
1044 2576 1329 2627 depromendi
1376 2580 1567 2628 potestas
1600 2577 1729 2616 nobis
1759 2577 1872 2616 facta
1900 2577 1980 2616 est.

428 2766 447 2785 a
469 2767 544 2790 non
567 2758 696 2790 latinis
719 2758 764 2790 in
785 2767 927 2799 mary„
952 2758 1088 2790 deletis
1111 2768 1185 2790 non
1208 2759 1313 2791 lectis
1336 2759 1395 2800 (ἓ).

429 2919 439 2936 ¹
463 2917 504 2950 In
538 2917 618 2950 cod.
646 2917 774 2949 Germ.
794 2917 878 2953 142,
903 2917 927 2949 f.
951 2917 1013 2949 224
1033 2918 1155 2949 exstat
1177 2918 1265 2950 ordo
1288 2918 1498 2950 scholarum
1532 2917 1612 2950 coll.
1637 2916 1869 2949 monacensis
1894 2917 1985 2949 tem-

368 2979 455 3012 pore
478 2971 646 3002 autumn.
674 2970 764 3006 1561,
789 2970 826 3002 et
847 2969 1114 3010 discipulorum
1138 2979 1325 3003 numerus.

427 3025 440 3042 ²
462 3023 636 3055 Albertus
658 3022 700 3062 V,
725 3021 906 3054 Bavariae
930 3022 1017 3054 dux.
