2099 3516
449 269 496 304 50
922 271 1120 306 ΙΛΤΤΕΒΑΕ
1154 272 1496 316 QUAnfflMEsTRES

481 389 519 427 3.
554 388 695 427 Fauor
723 389 1057 439 archiepiscopi,
1089 392 1269 429 senatus
1298 392 1338 428 et
1367 389 1571 434 aliorum,
1603 387 1735 426 solito
1766 387 1906 427 maior
1934 391 2014 428 est.

404 452 567 491 Putant
596 453 816 501 nonnulli,
848 453 885 492 si
916 453 1274 504 archiepiscopus
1315 453 1420 504 quid
1466 453 1638 499 faceret,
1683 453 1885 491 senatum
1928 464 2018 492 non

402 516 669 558 defuturum.
701 517 963 557 Occasiones
997 518 1131 568 igitur
1160 518 1414 568 quaerimus
1448 517 1626 567 saepius
1667 518 1710 555 et
1752 516 2020 556 familiarius

402 592 501 620 cum
530 581 861 632 archiepiscopo
890 582 1184 633 colloquendi.
1219 583 1362 632 Atque
1392 582 1488 632 ipsa
1516 581 1586 619 die
1615 580 1894 631 epiphaniae,
1917 593 2017 620 cum

402 645 474 684 hic
503 648 630 689 esset,
663 646 751 685 duo
780 658 831 685 ex
861 647 1025 685 nostris
1056 647 1261 686 Patribus
1290 659 1387 686 eum
1419 647 1737 693 conuenerunt,
1769 657 1871 696 erga
1905 658 2019 697 quos

401 721 448 749 se
469 710 595 749 valde
616 711 803 750 amicum
826 712 1042 755 exhihuit,
1070 714 1200 762 atque
1223 715 1428 762 putamus
1458 713 1684 760 sumptum
1714 722 1809 750 esse
1838 711 2015 750 initium

401 774 661 814 Societatem
691 776 807 826 apud
838 776 1216 827 archiepiscopum
1250 776 1549 827 promouendj,
1580 775 1690 814 Nam
1719 777 1933 826 quantum
1964 788 2016 814 ex

401 850 452 877 eo
481 839 702 889 colloquio
731 840 937 890 colligere
968 840 1105 884 licuit,
1130 841 1258 879 vellet
1289 852 1421 879 vnum
1452 852 1503 878 ex
1534 839 1733 890 nost[r]is
1761 839 2018 878 doctoribus

401 914 548 942 secum
579 904 633 943 ad
662 904 896 944 concilium
928 917 1166 946 assumere.
1198 906 1250 944 de
1284 918 1371 955 quo
1409 905 1520 943 alias
1550 904 1603 942 ad
1635 904 1684 943 V.
1720 904 1769 942 R.
1802 903 2015 954 scriptum

400 969 479 1013 est,
511 970 549 1006 et
582 980 841 1019 responsum
886 969 1037 1008 Patres
1080 970 1216 1019 nostrj
1262 971 1503 1019 expectant.
1536 969 1603 1007 Ad
1648 968 1754 1007 haec
1785 968 1908 1007 visus
1951 970 2014 1007 est

400 1030 607 1071 Societati
637 1033 748 1072 velle
777 1034 1004 1084 assignare
1047 1035 1099 1073 ad
1143 1035 1339 1073 scholam
1384 1033 1604 1072 triuialem
1639 1032 1892 1083 erigendam
1923 1044 2015 1071 mo-

400 1096 642 1136 nasterium
672 1098 1045 1137 franciscanorum
1074 1099 1337 1143 Andernaci,
1361 1098 1412 1137 de
1433 1110 1520 1148 quo
1550 1100 1590 1136 et
1619 1109 1718 1136 cum
1748 1096 2015 1147 quibusdam

400 1160 574 1200 locutus
603 1164 681 1201 est.
715 1162 823 1201 Nam
861 1163 1013 1202 doctor
1054 1163 1233 1213 quidam
1274 1162 1438 1201 R.⁵³1¹¹¹¹¹¹¹¹
1470 1163 1518 1201 D.
1551 1161 1931 1212 archiepiscopum
1971 1161 2013 1200 id

400 1224 446 1263 in
476 1225 624 1264 animo
655 1226 814 1265 habere
844 1238 889 1265 se
920 1227 1203 1273 intellexisse,
1232 1227 1361 1266 nobis
1391 1226 1619 1265 indicauit.
1645 1225 1776 1274 Haec,
1808 1225 2017 1276 quamuis

399 1290 453 1328 ad
486 1291 708 1340 proximas
738 1291 886 1330 literas
918 1291 1063 1341 potius
1092 1280 1221 1342 quam
1245 1292 1299 1330 ad
1322 1292 1429 1331 istas
1451 1291 1712 1342 pertineant,
1735 1290 1925 1329 scrihere
1955 1292 2016 1328 ta·

400 1366 499 1393 men
543 1355 678 1401 volui,
711 1358 755 1394 vt
789 1368 845 1394 an
877 1357 925 1395 V.
962 1357 1009 1395 R.
1042 1357 1275 1407 collegium
1321 1357 1365 1395 in
1409 1368 1458 1395 eo
1502 1356 1597 1395 loco
1641 1355 1844 1406 placeret,
1890 1354 2013 1393 breui

399 1418 509 1458 scire
540 1419 682 1466 liceat,
714 1433 801 1471 quo
832 1421 1014 1460 vlterius
1048 1433 1144 1460 cum
1177 1421 1507 1472 archiepiscopo
1549 1421 1602 1459 de
1644 1432 1695 1459 eo
1737 1421 2010 1458 tractaretur.

402 1484 519 1522 Idem
548 1484 600 1523 ad
635 1485 684 1524 R.
718 1485 765 1524 P.
799 1486 1113 1536 prouincialem
1145 1486 1394 1531 scribimus,
1421 1488 1462 1524 et
1491 1485 1587 1524 eius
1616 1484 1868 1527 consilium,
1892 1484 2016 1523 auxi·

398 1548 596 1599 liumque
625 1550 883 1600 expetimus,
915 1549 1132 1600 Oppidum
1166 1551 1280 1590 istud
1304 1551 1357 1589 ad
1382 1551 1583 1589 Rhenum
1615 1549 1696 1588 tria
1729 1548 1918 1587 miliaria
1948 1548 2012 1587 in-

400 1613 462 1652 fra
494 1612 815 1653 Confluentiam
846 1614 978 1654 situm
1010 1617 1089 1656 est.
1121 1616 1451 1654 accommodum
1482 1614 1591 1653 satis
1633 1613 1801 1653 triuiali
1835 1613 2014 1652 scholae

398 1680 574 1728 propter
602 1678 785 1729 collegia
816 1679 1083 1725 coloniense,
1116 1681 1364 1718 treuerense
1393 1682 1430 1718 et
1464 1678 1818 1729 moguntinense.
1843 1679 1888 1717 in
1908 1690 2014 1729 quo·

399 1754 495 1781 rum
526 1743 669 1782 medio
698 1745 763 1782 est
783 1752 798 1769 ³¹
831 1746 858 1783 ¹.
893 1744 1011 1783 Esset
1035 1746 1179 1783 autem
1211 1744 1383 1783 occasio
1413 1744 1673 1783 Societatem
1694 1754 1869 1794 quoque
1890 1742 2014 1782 Colo·

398 1806 498 1846 niae
523 1807 664 1857 magis
687 1808 973 1858 promouendi
1004 1811 1044 1847 et
1074 1809 1353 1853 stahiliendi;
1385 1821 1521 1859 quare
1544 1808 1581 1847 si
1604 1808 1653 1847 V.
1679 1808 1728 1847 R.
1752 1807 1906 1858 placet.
1931 1808 2012 1846 hac

397 1872 627 1911 occasione
650 1874 832 1912 vtemur.
858 1873 1101 1923 impetrari.
1124 1874 1267 1917 credo,
1301 1876 1461 1923 posset,
1496 1876 1539 1912 vt
1573 1873 1706 1912 Rdus.
1741 1873 1790 1912 D.
1815 1872 2014 1911 redditus

397 1937 664 1976 monasterio
707 1938 964 1988 assignaret,
995 1940 1035 1977 et
1078 1939 1130 1977 de
1165 1939 1467 1978 transferendo
1510 1939 1563 1977 ad
1608 1938 1867 1977 Societatem
1911 1949 2010 1976 cum

396 2014 569 2041 summo
599 2002 804 2052 pontifice
833 2005 994 2053 ageret.
1026 2005 1068 2042 et
1097 2015 1121 2042 a
1155 2004 1201 2042 Υ.
1237 2004 1285 2042 R.
1318 2003 1551 2053 collegium
1598 2005 1773 2053 peteret.
1805 2002 2012 2053 quemad-

398 2066 573 2105 modum
608 2067 894 2117 moguntinus
923 2069 964 2105 et.
993 2068 1259 2106 treuerensis
1301 2068 1619 2118 archiepiscopi
1664 2067 1872 2106 fecerunt.
1910 2066 2013 2117 Spe-

397 2143 535 2170 rarem
557 2132 674 2182 quod
695 2132 972 2171 colonienses
993 2132 1161 2183 aliquot
1192 2135 1492 2182 praeceptores
1515 2135 1691 2183 possent
1712 2132 2010 2182 suppeditare.

395 2198 526 2247 atque
556 2197 913 2247 Duisseldorpiae
942 2200 984 2236 et
1022 2197 1067 2236 in
1110 2209 1227 2236 noua
1261 2198 1573 2249 duisliurgensi
1606 2197 1892 2237 vniuersitate
1921 2209 2009 2235 non

396 2261 539 2305 multi,
570 2262 713 2307 credo,
746 2264 1021 2301 remanerent
1049 2274 1161 2313 quos
1190 2262 1396 2302 haeretici
1440 2263 1505 2301 illi
1550 2264 1851 2313 praeceptores
1885 2262 2010 2301 sedu-

394 2328 553 2365 cerent.
588 2326 697 2365 Nam
728 2327 1020 2369 Monhemius.
1054 2327 1462 2377 Duisseldorpensis
1491 2328 1668 2366 scholae
1706 2328 1860 2373 rector,
1893 2338 2012 2365 nunc

397 2390 525 2440 plane
554 2390 667 2439 silet,
700 2393 741 2429 et
771 2391 816 2429 in
847 2403 1051 2440 magnam
1081 2391 1206 2430 ducis
1237 2391 1587 2442 indignationem
1631 2391 1786 2431 incidit
1815 2393 1911 2441 post
1942 2403 2009 2429 ae-

394 2455 531 2493 ditam
560 2455 814 2494 catechismi
844 2456 1188 2495 confutationem
1220 2469 1243 2494 a
1275 2457 1438 2495 nostris
1467 2456 1686 2507 theologis
1713 2457 1754 2499 ⁵2:
1786 2458 1917 2506 atque
1948 2458 2008 2501 (vt

394 2519 617 2569 audimus)
648 2520 861 2570 prolixior
889 2523 1041 2559 contra
1083 2532 1181 2559 eum
1226 2520 1337 2559 liber
1379 2533 1402 2559 a
1447 2521 1784 2560 louaniensibus
1814 2522 2009 2571 paratur-

453 2686 470 2704 a
492 2680 547 2709 est,
570 2687 693 2718 supra
725 2688 822 2710 vers.

454 2820 463 2836 ¹
488 2818 567 2849 Non
591 2819 737 2850 videtur
759 2819 947 2850 conditum
971 2819 1164 2860 collegium
1181 2820 1260 2852 Soc.
1279 2820 1360 2852 Iesu
1386 2821 1423 2852 in
1449 2821 1537 2852 urbe
1554 2821 1786 2853 Andernach.
1813 2821 1890 2852 Non
1907 2822 2005 2853 enim

392 2871 583 2902 invenitur
605 2871 685 2902 eius
709 2872 846 2903 mentio
869 2881 934 2903 nec
958 2872 996 2903 in
1020 2872 1187 2913 catalogo
1210 2873 1297 2904 anni
1324 2874 1404 2905 1710
1425 2874 1521 2914 apud
1546 2874 1761 2906 Iuvencium
1784 2874 1902 2914 (Ilist.
1920 2874 2004 2906 Soc.

392 2923 481 2955 Iesu
506 2925 599 2964 part.
624 2924 778 2965 quintae
801 2925 886 2956 tom.
912 2926 1005 2965 post.
1031 2925 1166 2957 Romae
1190 2925 1372 2964 MDCCX),
1398 2935 1463 2957 nec
1488 2927 1525 2958 in
1549 2927 1717 2968 catalogo
1746 2927 1883 2959 Romae
1905 2927 2009 2959 edito

391 2986 489 3008 anno
514 2977 603 3009 1749.

454 3031 465 3048 ²
488 3030 539 3061 Cf.
564 3031 686 3061 tamen
712 3030 872 3065 HANSEN,
898 3031 920 3063 l.
946 3040 975 3062 c.
1003 3041 1035 3071 p.
1060 3032 1131 3067 378,
1157 3033 1282 3063 annot.
1310 3033 1337 3063 1.
