2099 3516
589 263 670 299 5020.
698 281 739 286 —
768 260 913 296 PRAGA
939 260 962 295 4-
987 259 1086 295 Mau
1116 259 1204 294 1561
1594 259 1663 295 297

81 385 159 436 filij
192 383 378 435 praediti
423 384 542 429 sunt,
574 381 650 433 qui
680 392 781 421 cum
811 379 857 418 in
886 379 1040 418 eodem
1069 377 1257 429 collegio
1287 380 1479 428 quatuor
1510 378 1711 418 hussitae

81 449 285 496 fuissent,
307 448 383 487 sed
405 459 546 498 nuper
573 457 728 486 omnes
757 443 1009 484 incredibili
1039 442 1258 482 desiderio
1279 442 1407 481 fidem
1430 442 1710 489 catholicam,

81 513 256 555 Christo
298 512 538 563 aspirante,
585 509 875 561 susceperint,
920 520 945 547 a
988 519 1095 547 suae
1137 507 1446 547 conuersionis
1480 506 1710 558 tempo[re]

80 578 195 618 nihil
238 578 505 617 intentatum
548 576 839 627 reliquerunt,
871 585 959 624 quo
989 584 1096 612 suos
1125 572 1259 611 etiam
1299 574 1503 622 parentes
1533 573 1575 611 et
1604 571 1713 610 ami-

80 655 154 684 cos
184 643 231 682 in
273 642 461 682 eundem
492 641 764 681 orthodoxae
796 638 972 690 pietatis
1011 637 1233 677 tramitem
1263 637 1560 684 adducerent;
1593 636 1712 687 quod

81 709 190 748 adeo
234 708 398 747 frustra
436 706 583 746 conati
628 717 717 744 non
747 712 765 730 ἃ
792 706 911 751 sunt,
945 705 993 743 ut¹
1034 705 1124 742 tres
1168 702 1405 741 maximam
1437 702 1490 740 de
1529 713 1713 741 suorum

82 775 313 824 parentum
343 771 635 811 conuersione
664 781 787 820 spem
816 769 1024 808 habeant.
1057 768 1120 807 De
1151 767 1254 818 alijs
1282 766 1454 817 collegij
1479 766 1586 806 noui
1611 778 1714 805 con-

81 837 342 883 uictoribus,
374 836 451 888 qui
484 836 546 885 13,
579 837 620 874 et
650 834 846 874 alumnis
876 833 952 884 qui
983 835 1089 872 sunt
1122 833 1184 879 14,
1225 834 1266 871 et
1296 832 1516 878 habitum,
1566 831 1714 882 qualis

81 902 224 942 isthac
268 902 314 941 in
358 900 612 952 germanico
656 899 844 950 collegio
887 898 1071 949 geritur,
1118 897 1228 948 ipsis
1272 896 1468 947 Ianuarij
1515 896 1714 935 calendis

81 979 243 1018 magno
285 967 461 1011 affectu,
506 964 814 1017 quamtumuis
858 964 930 1003 hic
974 963 1254 1008 inusitatum,
1292 963 1598 1012 susceperunt,
1631 961 1715 1000 hoc

80 1033 224 1073 solum
269 1032 473 1079 dixerim,
519 1030 639 1082 quod
682 1041 838 1069 omnes
881 1029 927 1068 in
971 1040 1146 1068 summa
1190 1027 1443 1074 concordia,
1481 1026 1712 1074 modestia,

79 1097 347 1143 obedientia,
381 1096 558 1148 pietatis
603 1107 652 1134 ac
696 1095 925 1134 literarum
969 1093 1133 1144 studijs
1176 1092 1413 1143 diligenter
1456 1091 1711 1142 inuigilent‚

80 1163 278 1214 adeoque
308 1173 530 1213 nusquam
562 1160 779 1200 libentius
808 1171 942 1210 quam
974 1159 1019 1198 in
1050 1171 1101 1198 eo
1132 1158 1320 1209 collegio
1350 1157 1522 1197 uiuant.
1554 1156 1715 1206 Quam-

80 1228 152 1268 uis
193 1227 313 1267 enim
356 1238 499 1278 nuper
541 1238 659 1266 unus
689 1238 712 1265 e
756 1224 1008 1276 praecipuis
1052 1225 1201 1263 tantae
1239 1222 1569 1262 commoditatis
1612 1234 1712 1273 per-

80 1295 229 1333 taesus
272 1292 399 1332 illinc
448 1292 600 1331 mallet
647 1292 700 1330 ad
746 1291 940 1342 aliquem
1000 1289 1264 1328 familiarem
1318 1287 1549 1327 dominum
1599 1299 1714 1327 com-

80 1357 283 1408 migrare,
315 1359 463 1408 atque,
495 1368 612 1403 eum,
644 1368 745 1396 cum
776 1355 906 1394 aliter
951 1353 1205 1405 persuaderi
1245 1364 1336 1392 non
1366 1354 1529 1403 posset,
1562 1353 1715 1391 nostra

79 1422 463 1462 commendatione
494 1421 752 1472 reperisset:
785 1420 920 1460 simul
950 1422 1083 1470 atque
1113 1421 1261 1458 tamen
1291 1429 1387 1457 eam
1412 1417 1715 1457 conditionem

81 1500 170 1528 una
201 1488 310 1527 hora
354 1487 512 1527 fuisset
541 1488 763 1537 expertus,
796 1485 988 1537 priorem
1032 1484 1316 1524 foelicitatem
1346 1494 1472 1522 suam
1512 1482 1712 1533 agnouit,

80 1555 212 1604 atque
241 1564 264 1592 e
294 1552 497 1604 uestigio,
528 1552 681 1591 relicta
725 1550 1013 1602 paedagogia,
1059 1549 1248 1601 supplex
1277 1549 1332 1588 ad
1375 1560 1458 1588 nos
1489 1547 1633 1598 redijt,
1665 1559 1716 1587 ac

81 1618 225 1658 modis
255 1618 433 1657 tandem
463 1617 673 1657 omnibus
702 1617 861 1663 effecit,
887 1618 933 1655 ut
963 1615 1244 1666 reciperetur,
1269 1614 1478 1653 maiorem
1507 1613 1716 1664 deinceps

80 1683 394 1730 obedientiam,
427 1683 541 1722 facta
571 1682 768 1734 generali
811 1681 1106 1727 confessione,
1139 1683 1181 1719 et
1210 1679 1427 1719 adhibitis
1457 1678 1717 1718 intercesso-

80 1748 206 1788 ribus
235 1759 286 1787 ac
315 1748 518 1795 testibus,
543 1747 820 1798 promittens,
844 1758 977 1798 quam
1006 1757 1113 1785 sane
1134 1744 1435 1784 obedientiam
1457 1744 1512 1782 ab
1533 1755 1583 1783 eo
1610 1745 1716 1782 tem·

80 1825 186 1864 pore
215 1813 345 1865 longe
375 1813 652 1864 diligentius,
685 1824 818 1864 quam
849 1813 982 1851 antea
1010 1810 1286 1862 praestitisse
1316 1809 1508 1849 uidetur.

159 1879 198 1919 2,
230 1878 482 1918 Visitarunt
501 1890 657 1918 omnes
678 1877 851 1929 collegi]
876 1877 1008 1916 istius
1038 1875 1209 1915 alumni
1239 1874 1572 1915 serenissimum
1598 1873 1716 1925 prin-

79 1944 221 1995 cipem
264 1946 465 1983 nostrum
497 1945 526 1991 1,
558 1943 634 1995 qui
665 1949 755 1982 tam
785 1954 962 1982 carmen
1001 1940 1382 1986 encomiasticum,
1414 1939 1533 1991 quod
1563 1939 1717 1978 recita-

80 2011 199 2058 runt,
244 2021 378 2060 quam
417 2008 671 2060 germanica
714 2008 854 2048 biblia
896 2019 1009 2059 quae
1051 2007 1350 2051 donauerunt‚
1394 2003 1716 2056 benignissime

80 2074 276 2125 suscepit
304 2073 338 2122 ¹),
384 2086 431 2114 se
460 2086 630 2125 suaque
674 2073 922 2124 patrocinia
963 2072 1164 2112 uicissim
1193 2071 1305 2123 ipsis
1347 2070 1585 2110 clementer
1613 2069 1717 2108 offe-

81 2151 196 2179 rens.
248 2139 399 2190 Neque
442 2139 659 2179 minorem
704 2141 887 2179 senatus
940 2137 1173 2189 pragensis
1216 2137 1413 2176 fauorem
1463 2136 1713 2182 senserunt,

80 2205 260 2256 quando
290 2205 446 2244 laudes
475 2204 572 2244 eius
602 2204 779 2256 publice
808 2204 937 2243 docto
976 2202 1170 2254 quodam
1201 2201 1396 2242 carmine
1425 2200 1713 2247 celebrarent,

80 2271 198 2322 quod
255 2271 365 2310 adeo
413 2270 581 2321 placuit
627 2269 854 2317 omnibus,
905 2271 952 2309 ut
1000 2268 1134 2308 etiam
1182 2267 1350 2319 primas
1396 2265 1595 2306 ciuitatis
1629 2264 1715 2304 sibi

80 2335 192 2375 illud
223 2341 239 2359 ⁰
258 2335 415 2375 donari
447 2335 732 2375 uehementer
760 2336 953 2386 cuperet.

159 2401 198 2441 3.
231 2400 388 2441 Studia
418 2412 549 2452 porro
582 2399 601 2426 d
629 2402 781 2440 nostra
824 2400 920 2440 siue
964 2399 1139 2451 priuata
1174 2399 1271 2438 siue
1301 2397 1495 2449 publica,
1527 2397 1618 2436 Deo
1653 2396 1715 2435 fa-

81 2468 228 2514 uente,
260 2465 324 2505 sic
353 2466 612 2517 procedunt,
637 2467 685 2505 ut
713 2465 761 2504 in
781 2465 982 2516 utrisque
1012 2472 1027 2490 θ
1062 2464 1233 2504 tructus
1262 2462 1453 2503 aliorum
1483 2461 1716 2501 hominum

80 2530 247 2571 iudicio
279 2531 343 2582 (ut
363 2531 416 2571 de
438 2530 569 2570 nobis
598 2532 784 2579 taceam)
816 2529 1038 2570 maximus
1067 2531 1291 2580 appareat.
1324 2527 1525 2578 Quatuor
1558 2526 1717 2566 diebus

81 2598 184 2636 ante
226 2596 475 2647 proximam
518 2595 770 2635 studiorum
814 2595 1154 2635 innouationem
1198 2593 1461 2645 theologice,
1507 2591 1713 2640 oratorie,

144 2780 163 2799 a
190 2781 265 2804 non
287 2781 415 2813 supra
437 2781 540 2804 vers.
558 2790 598 2794 —
614 2771 633 2798 b
650 2771 865 2804 Emendate
881 2770 1110 2812 suscepisset
1137 2770 1185 2812 (ἲ)
1200 2788 1240 2793 —-
1256 2778 1272 2796 c
1292 2769 1386 2802 illud
1408 2777 1535 2810 supra
1557 2776 1660 2800 vers.
1676 2785 1717 2790 -—

82 2824 101 2851 d
118 2824 269 2858 Auctor
290 2825 456 2867 scripsit
478 2825 606 2857 studia
628 2834 708 2857 nra.
733 2833 853 2866 porro,
878 2823 948 2857 sed
964 2825 1055 2865 post
1077 2823 1199 2865 sigma
1222 2823 1316 2856 add.
1341 2824 1385 2854 ut
1407 2822 1484 2854 duo
1514 2822 1718 2863 postrema

80 2887 143 2911 vv.
168 2880 520 2911 commutarentur.
544 2896 585 2900 —
608 2886 624 2906 e
644 2878 843 2919 utriusque
866 2887 938 2910 ms.

147 3052 158 3070 ¹
180 3051 449 3092 Ferdinandus,
473 3050 709 3096 imperatoris
731 3049 844 3090 filius,
870 3049 1070 3082 Bohemiae
1100 3048 1340 3091 gubernator.
