2099 3516
529 272 609 308 559.
637 292 678 298 —
707 271 907 308 ConnUBA
936 270 953 306 1
983 270 1238 306 Snprmssms
1265 269 1354 305 1561
1658 269 1726 305 443

145 390 291 431 lacion
320 402 397 442 per
425 390 492 430 las
522 391 692 430 buenas
721 400 892 430 nueuas
921 400 1006 440 que
1048 390 1240 428 cuentan
1269 387 1336 427 asi
1366 387 1419 427 de
1449 389 1655 427 nuestros
1686 387 1773 426 Ρ.ρει

143 469 173 508 y
201 456 439 496 hermanos
467 467 553 507 que
582 455 672 495 alla
700 455 864 502 andan,
896 466 1022 494 como
1052 452 1249 493 tambien
1277 453 1333 493 de
1362 452 1405 492 la
1434 450 1699 492 conuersion
1721 451 1775 491 de

145 521 213 561 los
242 521 444 572 gentiles.
477 520 582 560 Esto
611 532 658 560 es
687 520 730 560 lo
759 531 845 571 que
874 530 920 558 se
952 530 1019 558 me
1048 518 1191 568 ofreee
1211 517 1380 557 screuir
1400 517 1549 556 destos
1577 517 1603 555 4
1634 526 1774 555 meses

144 586 373 637 passados.
405 585 581 637 [Preces
608 584 842 636 postulat]
866 584 928 623 De
949 583 1169 635 Coymbra
1189 582 1233 622 al
1264 582 1426 633 primer
1450 581 1504 621 de
1533 581 1775 621 Setiembre

146 651 200 691 de
231 650 335 690 1560
363 652 391 690 ¹.

252 716 338 755 Por
365 715 607 755 comission
637 715 708 755 del
739 715 809 754 P.e
830 714 937 753 D.t⁰r
973 712 1130 753 Miron.
1165 712 1270 763 Hijo
1299 724 1353 752 en
1385 711 1463 751 X.0
1497 711 1550 751 de
1588 711 1636 751 V.
1671 711 1718 751 P.

1187 813 1339 852 PEDRO
1369 822 1428 851 DA
1458 811 1607 852 SYLUA
1636 813 1666 851 ‘-’.

251 941 510 991 Inscriptio.
542 940 571 989 ἦ
600 938 772 978 Literae
802 937 1150 989 quadrimestres
1180 935 1367 987 Collegii
1398 933 1777 976 Conimbrieensis

146 1004 316 1044 calend.
349 1003 571 1055 Septemb.
604 1015 722 1042 anno
754 1002 870 1049 1561,
904 1001 1144 1041 mittendae
1174 1001 1375 1040 Romam.

252 1069 359 1108 Alia
387 1081 554 1108 manu:
583 1067 748 1119 Volgar
776 1066 847 1106 del
878 1066 993 1106 1561.

906 1337 1018 1387 559

574 1492 627 1542 R
686 1491 952 1541 PETRUS
1007 1489 1340 1541 ACEVEDO

619 1628 808 1654 CORDUBA
839 1618 855 1653 1
884 1627 1134 1653 SEPTEMBRIS
1163 1616 1252 1652 1561
1279 1616 1303 1652 3.

146 1756 184 1791 1.
213 1751 448 1792 Sociorum
490 1763 724 1790 numerus.
774 1749 940 1797 Quibus
982 1749 1143 1788 mediis
1185 1749 1401 1798 religiosa
1443 1747 1686 1797 disciplina
1715 1746 1781 1795 fo-

253 1817 425 1856 veatur.
458 1838 508 1843 -
538 1820 629 1854 2·3.
660 1816 965 1854 Alumnorum
1008 1826 1241 1861 numerus,
1274 1825 1435 1852 mores.
1491 1812 1683 1859 Quidam
1712 1823 1778 1849 eo-

254 1894 358 1921 rum
389 1882 505 1921 alios
535 1882 592 1920 ad
634 1882 846 1920 virtutem
878 1880 1052 1919 trahere
1081 1880 1318 1918 conantur.
1356 1879 1631 1917 Litterariae
1660 1889 1782 1915 exer·

253 1949 501 1987 citationes.
533 1948 750 1986 Praemia
794 1946 1158 1997 diligentioribus
1187 1946 1366 1984 collata.
1399 1944 1585 1983 Festum
1633 1942 1779 1982 SSmi.

255 2012 538 2052 Sacramenti
567 2013 606 2050 et
637 2011 718 2051 Sti.
748 2012 941 2050 Ioannis
984 2011 1113 2060 Bapt.
1147 2009 1427 2049 carminibus
1467 2009 1506 2047 et
1539 2008 1660 2047 ludis
1698 2019 1785 2046 sce-

253 2080 370 2118 nicis
413 2078 673 2117 celebratur.
707 2099 757 2103 —
785 2080 829 2115 4.
859 2076 1090 2126 Frequens
1133 2077 1300 2114 civium
1348 2085 1593 2113 concursus
1624 2073 1681 2111 ad
1710 2084 1781 2111 sa-

255 2143 486 2183 cramenta
523 2144 572 2181 in
601 2142 757 2181 nostro
802 2141 978 2191 templo.
1014 2141 1168 2180 Nostri
1214 2152 1373 2190 aegros
1405 2151 1504 2178 cum
1534 2140 1582 2177 in
1603 2149 1783 2176 nosoco-

255 2209 374 2255 miis,
408 2208 502 2245 tum
526 2219 610 2257 per
635 2207 788 2245 domos
814 2206 1022 2256 privatas
1048 2205 1251 2244 visitant.
1283 2204 1414 2243 Fidei
1443 2202 1704 2242 rudimenta
1732 2203 1782 2240 in

256 2285 429 2312 carcere
458 2273 624 2312 docent.
653 2294 705 2298 -—
734 2275 776 2310 5.
806 2272 915 2310 Bini
943 2270 1193 2310 excurrunt
1223 2269 1280 2308 ad
1308 2269 1463 2307 urbem
1497 2267 1654 2307 Gabra.

228 2410 258 2460 -ξ-
287 2409 376 2449 Ihs.
414 2409 517 2459 Muy
556 2407 653 2448 R.d⁰
683 2408 753 2448 Ρ.Θ
783 2419 880 2447 nro.
927 2418 982 2446 en
1026 2405 1156 2446 Chro.
1205 2405 1297 2445 Pax
1340 2404 1478 2452 Chri„
1524 2406 1604 2443 ete.
1640 2402 1782 2454 [Licet

147 2488 293 2527 parva
330 2477 422 2515 sint
461 2488 573 2525 quae
611 2475 865 2522 evenerunt,
906 2471 1085 2524 scribet]
1095 2504 1102 2511 .
1136 2471 1222 2510 Los
1251 2482 1337 2522 que
1367 2470 1410 2510 al
1440 2471 1642 2521 presente
1671 2470 1784 2507 esta-

213 2636 223 2653 ¹
245 2634 338 2667 Vide
361 2633 643 2666 annotationem
666 2633 778 2665 initio
804 2632 988 2674 epistulae
1011 2631 1185 2673 positam.

213 2689 225 2707 ²
247 2688 289 2720 In
325 2687 494 2728 catalogo
528 2686 655 2727 colleg.
691 2685 998 2718 conimbricensis
1031 2684 1171 2716 mensis
1205 2683 1305 2725 Sept.
1327 2683 1400 2715 1561
1430 2682 1524 2723 (cod.
1549 2681 1646 2713 Lus.
1671 2680 1731 2713 43.
1757 2680 1782 2713 f.

152 2741 227 2783 136)
249 2741 423 2773 censetur
455 2739 553 2772 inter
575 2747 638 2771 eos
671 2739 737 2780 qui
761 2738 923 2771 secundo
957 2738 1085 2770 cursui
1109 2737 1249 2769 artium
1283 2736 1449 2768 student.
1482 2734 1524 2767 In
1548 2735 1619 2766 eat.
1645 2733 1784 2766 mensis

152 2795 220 2827 Iul.
246 2794 328 2826 1559
350 2793 457 2835 (ibid.
482 2793 506 2826 f.
530 2793 586 2833 82)
609 2792 748 2824 dicitur
772 2793 809 2824 17
843 2800 1025 2824 annorum
1049 2792 1086 2823 et
1109 2791 1320 2832 ingressum
1344 2789 1383 2821 in
1414 2788 1636 2821 Societatem
1659 2795 1784 2818 mense

152 2848 323 2889 Augusto
347 2847 439 2879 1556.
465 2847 618 2878 Demum
641 2846 681 2878 in
704 2846 775 2878 cat.
801 2845 972 2877 eborensi
996 2844 1086 2877 anni
1111 2844 1192 2876 1565
1221 2843 1312 2876 ibid.
1337 2842 1361 2874 f.
1387 2842 1516 2882 26QV.)
1541 2841 1696 2873 vocatur
1719 2840 1785 2872 oli-

152 2900 376 2942 siponensis.
401 2900 502 2940 Quae
525 2899 792 2932 confirmantur
814 2907 860 2930 ex
893 2897 1203 2939 responsionibus
1239 2896 1286 2928 ad
1321 2895 1637 2937 interrogationes
1661 2893 1784 2925 Patris

151 2954 271 2988 Nadal
294 2954 371 2995 (IV,
395 2954 483 2994 392).

214 3009 227 3028 ³
248 3008 302 3040 Ex
324 3008 459 3049 origin.
484 3007 523 3039 in
546 3007 625 3040 cod.
650 3006 838 3048 Hisp.98,
863 3006 900 3038 ff.
918 3007 947 3045 1,
972 3006 1013 3045 23
1039 3005 1143 3047 prius
1167 3005 1238 3043 160,
1258 3004 1328 3036 161.
1345 3003 1502 3035 Exstant
1526 3002 1599 3034 duo
1618 3001 1785 3043 exempla

153 3061 272 3094 latina
294 3061 334 3093 in
357 3060 393 3094 ff.
417 3061 479 3093 310
501 3069 604 3102 sqq.;
629 3060 691 3092 313
713 3069 794 3101 sqq.
