<?xml version="1.0" encoding="UTF-8"?>
<!DOCTYPE html PUBLIC "-//W3C//DTD XHTML 1.0 Transitional//EN"
    "http://www.w3.org/TR/xhtml1/DTD/xhtml1-transitional.dtd">
<html xmlns="http://www.w3.org/1999/xhtml" xml:lang="en" lang="en">
 <head>
  <title>
</title>
<meta http-equiv="Content-Type" content="text/html;charset=utf-8" />
  <meta name='ocr-system' content='tesseract 3.04.00' />
  <meta name='ocr-capabilities' content='ocr_page ocr_carea ocr_par ocr_line ocrx_word'/>
</head>
<body>
  <div class='ocr_page' id='page_1' title='image "./litteraequadrime19lain_0188.png"; bbox 0 0 2099 3516; ppageno 0'>
   <div class='ocr_carea' id='block_1_1' title="bbox 0 0 922 2">
    <p class='ocr_par' dir='ltr' id='par_1_1' title="bbox 0 0 922 2">
     <span class='ocr_line' id='line_1_1' title="bbox 0 0 922 2; baseline 0 0"><span class='ocrx_word' id='word_1_1' title='bbox 0 0 922 2; x_wconf 95' lang='lat' dir='ltr'> </span> 
     </span>
    </p>
   </div>
   <div class='ocr_carea' id='block_1_2' title="bbox 410 252 1453 298">
    <p class='ocr_par' dir='ltr' id='par_1_2' title="bbox 410 252 1453 298">
     <span class='ocr_line' id='line_1_2' title="bbox 410 252 1453 298; baseline 0.004 -13"><span class='ocrx_word' id='word_1_2' title='bbox 410 252 471 287; x_wconf 59' lang='grc'>1,(14</span> <span class='ocrx_word' id='word_1_3' title='bbox 873 253 1075 289; x_wconf 62' lang='lat' dir='ltr'>errfflmss</span> <span class='ocrx_word' id='word_1_4' title='bbox 1110 254 1453 298; x_wconf 65' lang='lat' dir='ltr'>QuAnmmesTRits</span> 
     </span>
    </p>
   </div>
   <div class='ocr_carea' id='block_1_3' title="bbox 348 369 1970 3075">
    <p class='ocr_par' dir='ltr' id='par_1_3' title="bbox 349 369 1970 2162">
     <span class='ocr_line' id='line_1_3' title="bbox 355 369 1968 420; baseline 0.002 -12"><span class='ocrx_word' id='word_1_5' title='bbox 355 369 519 420; x_wconf 81' lang='lat' dir='ltr'>quibus</span> <span class='ocrx_word' id='word_1_6' title='bbox 547 369 769 419; x_wconf 54' lang='grc'>1100311113</span> <span class='ocrx_word' id='word_1_7' title='bbox 808 370 1133 420; x_wconf 85' lang='lat' dir='ltr'>speciosissima</span> <span class='ocrx_word' id='word_1_8' title='bbox 1177 371 1395 410; x_wconf 79' lang='lat' dir='ltr'>sodalium</span> <span class='ocrx_word' id='word_1_9' title='bbox 1440 374 1616 411; x_wconf 87' lang='lat' dir='ltr'>sanctae</span> <span class='ocrx_word' id='word_1_10' title='bbox 1655 372 1836 411; x_wconf 75' lang='lat' dir='ltr'>Vrsulae</span> <span class='ocrx_word' id='word_1_11' title='bbox 1881 385 1968 412; x_wconf 89' lang='lat' dir='ltr'>ma-</span> 
     </span>
     <span class='ocr_line' id='line_1_4' title="bbox 357 434 1969 486; baseline 0.002 -14"><span class='ocrx_word' id='word_1_12' title='bbox 357 446 492 485; x_wconf 88' lang='lat' dir='ltr'>gnum</span> <span class='ocrx_word' id='word_1_13' title='bbox 522 434 718 473; x_wconf 79' lang='lat' dir='ltr'>decorem</span> <span class='ocrx_word' id='word_1_14' title='bbox 751 435 943 473; x_wconf 86' lang='lat' dir='ltr'>sacrario</span> <span class='ocrx_word' id='word_1_15' title='bbox 972 435 1173 474; x_wconf 75' lang='lat' dir='ltr'>afferunt.</span> <span class='ocrx_word' id='word_1_16' title='bbox 1207 435 1401 474; x_wconf 86' lang='lat' dir='ltr'>Duarum</span> <span class='ocrx_word' id='word_1_17' title='bbox 1431 435 1838 486; x_wconf 71' lang='lat' dir='ltr'>virgiuum‘capita,</span> <span class='ocrx_word' id='word_1_18' title='bbox 1870 449 1969 476; x_wconf 88' lang='lat' dir='ltr'>cum</span> 
     </span>
     <span class='ocr_line' id='line_1_5' title="bbox 357 499 1969 549; baseline 0.002 -12"><span class='ocrx_word' id='word_1_19' title='bbox 357 499 561 549; x_wconf 76' lang='lat' dir='ltr'>plurimis</span> <span class='ocrx_word' id='word_1_20' title='bbox 589 499 778 543; x_wconf 87' lang='lat' dir='ltr'>ossibus,</span> <span class='ocrx_word' id='word_1_21' title='bbox 813 499 1001 548; x_wconf 75' lang='lat' dir='ltr'>propriis</span> <span class='ocrx_word' id='word_1_22' title='bbox 1032 499 1289 538; x_wconf 86' lang='lat' dir='ltr'>nominibus</span> <span class='ocrx_word' id='word_1_23' title='bbox 1324 501 1475 538; x_wconf 86' lang='lat' dir='ltr'>notata</span> <span class='ocrx_word' id='word_1_24' title='bbox 1517 503 1644 539; x_wconf 87' lang='lat' dir='ltr'>sunt:</span> <span class='ocrx_word' id='word_1_25' title='bbox 1692 501 1764 539; x_wconf 89' lang='lat' dir='ltr'>vni</span> <span class='ocrx_word' id='word_1_26' title='bbox 1809 513 1969 540; x_wconf 89' lang='lat' dir='ltr'>nomen</span> 
     </span>
     <span class='ocr_line' id='line_1_6' title="bbox 354 562 1969 616; baseline 0.001 -14"><span class='ocrx_word' id='word_1_27' title='bbox 354 565 420 602; x_wconf 87' lang='lat' dir='ltr'>est</span> <span class='ocrx_word' id='word_1_28' title='bbox 443 563 764 605; x_wconf 81' lang='lat' dir='ltr'>Intemerentia,</span> <span class='ocrx_word' id='word_1_29' title='bbox 788 563 912 602; x_wconf 87' lang='lat' dir='ltr'>alteri</span> <span class='ocrx_word' id='word_1_30' title='bbox 938 575 1039 602; x_wconf 88' lang='lat' dir='ltr'>uero</span> <span class='ocrx_word' id='word_1_31' title='bbox 1061 562 1261 602; x_wconf 81' lang='lat' dir='ltr'>Credula.</span> <span class='ocrx_word' id='word_1_32' title='bbox 1287 563 1367 602; x_wconf 92' lang='lat' dir='ltr'>His</span> <span class='ocrx_word' id='word_1_33' title='bbox 1387 564 1644 603; x_wconf 89' lang='lat' dir='ltr'>adiunctum</span> <span class='ocrx_word' id='word_1_34' title='bbox 1671 567 1735 603; x_wconf 90' lang='lat' dir='ltr'>est</span> <span class='ocrx_word' id='word_1_35' title='bbox 1761 577 1969 616; x_wconf 86' lang='lat' dir='ltr'>magnum</span> 
     </span>
     <span class='ocr_line' id='line_1_7' title="bbox 354 627 1970 679; baseline 0.001 -14"><span class='ocrx_word' id='word_1_36' title='bbox 354 629 395 665; x_wconf 88' lang='lat' dir='ltr'>et</span> <span class='ocrx_word' id='word_1_37' title='bbox 425 627 644 677; x_wconf 86' lang='lat' dir='ltr'>integrum</span> <span class='ocrx_word' id='word_1_38' title='bbox 674 640 723 666; x_wconf 90' lang='lat' dir='ltr'>os</span> <span class='ocrx_word' id='word_1_39' title='bbox 770 627 935 675; x_wconf 78' lang='lat' dir='ltr'>brachij</span> <span class='ocrx_word' id='word_1_40' title='bbox 982 629 1159 665; x_wconf 88' lang='lat' dir='ltr'>sanctae</span> <span class='ocrx_word' id='word_1_41' title='bbox 1202 627 1393 666; x_wconf 77' lang='lat' dir='ltr'>Barbare</span> <span class='ocrx_word' id='word_1_42' title='bbox 1422 627 1472 666; x_wconf 71' lang='lat' dir='ltr'>V.</span> <span class='ocrx_word' id='word_1_43' title='bbox 1506 630 1547 666; x_wconf 91' lang='lat' dir='ltr'>et</span> <span class='ocrx_word' id='word_1_44' title='bbox 1578 628 1631 667; x_wconf 83' lang='lat' dir='ltr'>M.</span> <span class='ocrx_word' id='word_1_45' title='bbox 1664 640 1763 667; x_wconf 90' lang='lat' dir='ltr'>cum</span> <span class='ocrx_word' id='word_1_46' title='bbox 1797 631 1970 679; x_wconf 86' lang='lat' dir='ltr'>aposto-</span> 
     </span>
     <span class='ocr_line' id='line_1_8' title="bbox 354 691 1967 743; baseline 0 -12"><span class='ocrx_word' id='word_1_47' title='bbox 354 692 497 731; x_wconf 88' lang='lat' dir='ltr'>lorum</span> <span class='ocrx_word' id='word_1_48' title='bbox 527 692 818 743; x_wconf 89' lang='lat' dir='ltr'>quorumdam</span> <span class='ocrx_word' id='word_1_49' title='bbox 849 693 890 730; x_wconf 91' lang='lat' dir='ltr'>et</span> <span class='ocrx_word' id='word_1_50' title='bbox 920 691 1212 741; x_wconf 89' lang='lat' dir='ltr'>plurimorum</span> <span class='ocrx_word' id='word_1_51' title='bbox 1243 694 1495 731; x_wconf 88' lang='lat' dir='ltr'>sanctorum</span> <span class='ocrx_word' id='word_1_52' title='bbox 1531 693 1745 743; x_wconf 77' lang='lat' dir='ltr'>reliquijs,</span> <span class='ocrx_word' id='word_1_53' title='bbox 1781 704 1967 742; x_wconf 89' lang='lat' dir='ltr'>quorum</span> 
     </span>
     <span class='ocr_line' id='line_1_9' title="bbox 354 756 1966 807; baseline 0.001 -12"><span class='ocrx_word' id='word_1_54' title='bbox 354 757 553 796; x_wconf 88' lang='lat' dir='ltr'>omnium</span> <span class='ocrx_word' id='word_1_55' title='bbox 576 756 755 795; x_wconf 87' lang='grc'>1101111113</span> <span class='ocrx_word' id='word_1_56' title='bbox 776 756 966 805; x_wconf 89' lang='lat' dir='ltr'>presenti</span> <span class='ocrx_word' id='word_1_57' title='bbox 989 756 1070 794; x_wconf 89' lang='lat' dir='ltr'>hac</span> <span class='ocrx_word' id='word_1_58' title='bbox 1092 756 1277 806; x_wconf 88' lang='lat' dir='ltr'>epistola</span> <span class='ocrx_word' id='word_1_59' title='bbox 1302 756 1374 795; x_wconf 78' lang='lat' dir='ltr'>vix</span> <span class='ocrx_word' id='word_1_60' title='bbox 1390 757 1758 807; x_wconf 79' lang='lat' dir='ltr'>comprehendere</span> <span class='ocrx_word' id='word_1_61' title='bbox 1780 769 1966 807; x_wconf 85' lang='lat' dir='ltr'>possem.</span> 
     </span>
     <span class='ocr_line' id='line_1_10' title="bbox 356 820 1969 872; baseline 0 -12"><span class='ocrx_word' id='word_1_62' title='bbox 356 822 443 860; x_wconf 84' lang='lat' dir='ltr'>lam</span> <span class='ocrx_word' id='word_1_63' title='bbox 477 821 624 871; x_wconf 88' lang='lat' dir='ltr'>itaque</span> <span class='ocrx_word' id='word_1_64' title='bbox 653 820 887 870; x_wconf 87' lang='lat' dir='ltr'>collegium</span> <span class='ocrx_word' id='word_1_65' title='bbox 919 820 1014 864; x_wconf 88' lang='lat' dir='ltr'>hoc,</span> <span class='ocrx_word' id='word_1_66' title='bbox 1046 820 1231 859; x_wconf 87' lang='lat' dir='ltr'>istorum</span> <span class='ocrx_word' id='word_1_67' title='bbox 1266 823 1517 860; x_wconf 87' lang='lat' dir='ltr'>sanctorum</span> <span class='ocrx_word' id='word_1_68' title='bbox 1561 821 1759 860; x_wconf 89' lang='lat' dir='ltr'>omnium</span> <span class='ocrx_word' id='word_1_69' title='bbox 1805 821 1969 872; x_wconf 83' lang='lat' dir='ltr'>praeci-</span> 
     </span>
     <span class='ocr_line' id='line_1_11' title="bbox 354 884 1970 935; baseline -0.001 -10"><span class='ocrx_word' id='word_1_70' title='bbox 354 886 452 933; x_wconf 72' lang='lat' dir='ltr'>bus,</span> <span class='ocrx_word' id='word_1_71' title='bbox 484 886 698 924; x_wconf 88' lang='lat' dir='ltr'>aduersus</span> <span class='ocrx_word' id='word_1_72' title='bbox 727 884 926 923; x_wconf 90' lang='lat' dir='ltr'>omnium</span> <span class='ocrx_word' id='word_1_73' title='bbox 957 884 1152 924; x_wconf 90' lang='lat' dir='ltr'>hostium</span> <span class='ocrx_word' id='word_1_74' title='bbox 1184 885 1410 935; x_wconf 75' lang='lat' dir='ltr'>impetum,</span> <span class='ocrx_word' id='word_1_75' title='bbox 1454 888 1664 935; x_wconf 80' lang='lat' dir='ltr'><strong>tanquam</strong></span> <span class='ocrx_word' id='word_1_76' title='bbox 1704 885 1970 925; x_wconf 78' lang='lat' dir='ltr'>firmissimis</span> 
     </span>
     <span class='ocr_line' id='line_1_12' title="bbox 353 949 1967 1001; baseline 0 -12"><span class='ocrx_word' id='word_1_77' title='bbox 353 950 573 1001; x_wconf 71' lang='lat' dir='ltr'>presidiis,</span> <span class='ocrx_word' id='word_1_78' title='bbox 607 949 825 988; x_wconf 90' lang='lat' dir='ltr'>munitum</span> <span class='ocrx_word' id='word_1_79' title='bbox 861 960 955 987; x_wconf 91' lang='lat' dir='ltr'>esse</span> <span class='ocrx_word' id='word_1_80' title='bbox 998 960 1240 999; x_wconf 88' lang='lat' dir='ltr'>speramus.</span> <span class='ocrx_word' id='word_1_81' title='bbox 1289 949 1655 1000; x_wconf 78' lang='lat' dir='ltr'>Quandoquidem</span> <span class='ocrx_word' id='word_1_82' title='bbox 1702 962 1818 996; x_wconf 75' lang='lat' dir='ltr'>vem,</span> <span class='ocrx_word' id='word_1_83' title='bbox 1864 952 1967 989; x_wconf 89' lang='lat' dir='ltr'>tem-</span> 
     </span>
     <span class='ocr_line' id='line_1_13' title="bbox 354 1013 1970 1066; baseline -0.001 -12"><span class='ocrx_word' id='word_1_84' title='bbox 354 1027 457 1066; x_wconf 89' lang='lat' dir='ltr'>pore</span> <span class='ocrx_word' id='word_1_85' title='bbox 486 1013 774 1054; x_wconf 78' lang='lat' dir='ltr'>dissentionis</span> <span class='ocrx_word' id='word_1_86' title='bbox 818 1013 932 1052; x_wconf 86' lang='lat' dir='ltr'>inter</span> <span class='ocrx_word' id='word_1_87' title='bbox 971 1013 1211 1064; x_wconf 88' lang='lat' dir='ltr'>principem</span> <span class='ocrx_word' id='word_1_88' title='bbox 1247 1016 1289 1053; x_wconf 92' lang='lat' dir='ltr'>et</span> <span class='ocrx_word' id='word_1_89' title='bbox 1317 1013 1452 1059; x_wconf 85' lang='lat' dir='ltr'>ciues,</span> <span class='ocrx_word' id='word_1_90' title='bbox 1497 1014 1579 1052; x_wconf 88' lang='lat' dir='ltr'>has</span> <span class='ocrx_word' id='word_1_91' title='bbox 1622 1014 1751 1053; x_wconf 91' lang='lat' dir='ltr'>aedes</span> <span class='ocrx_word' id='word_1_92' title='bbox 1794 1016 1970 1053; x_wconf 88' lang='lat' dir='ltr'>nostras</span> 
     </span>
     <span class='ocr_line' id='line_1_14' title="bbox 353 1078 1970 1129; baseline -0.001 -10"><span class='ocrx_word' id='word_1_93' title='bbox 353 1080 659 1119; x_wconf 84' lang='lat' dir='ltr'>inhabitarunt</span> <span class='ocrx_word' id='word_1_94' title='bbox 681 1078 859 1117; x_wconf 87' lang='lat' dir='ltr'>heretici</span> <span class='ocrx_word' id='word_1_95' title='bbox 881 1080 923 1117; x_wconf 91' lang='lat' dir='ltr'>et</span> <span class='ocrx_word' id='word_1_96' title='bbox 944 1078 1121 1122; x_wconf 76' lang='lat' dir='ltr'>milites,</span> <span class='ocrx_word' id='word_1_97' title='bbox 1144 1078 1290 1117; x_wconf 89' lang='lat' dir='ltr'>omnis</span> <span class='ocrx_word' id='word_1_98' title='bbox 1312 1078 1488 1129; x_wconf 86' lang='lat' dir='ltr'>pietatis</span> <span class='ocrx_word' id='word_1_99' title='bbox 1508 1079 1679 1125; x_wconf 76' lang='lat' dir='ltr'>hostes3</span> <span class='ocrx_word' id='word_1_100' title='bbox 1713 1090 1800 1129; x_wconf 88' lang='lat' dir='ltr'>quo</span> <span class='ocrx_word' id='word_1_101' title='bbox 1824 1079 1970 1118; x_wconf 88' lang='lat' dir='ltr'>omnis</span> 
     </span>
     <span class='ocr_line' id='line_1_15' title="bbox 353 1142 1970 1195; baseline -0.001 -12"><span class='ocrx_word' id='word_1_102' title='bbox 353 1143 721 1195; x_wconf 75' lang='lat' dir='ltr'>prophanationis</span> <span class='ocrx_word' id='word_1_103' title='bbox 754 1154 803 1181; x_wconf 90' lang='lat' dir='ltr'>ac</span> <span class='ocrx_word' id='word_1_104' title='bbox 839 1142 1093 1181; x_wconf 78' lang='lat' dir='ltr'>violationis</span> <span class='ocrx_word' id='word_1_105' title='bbox 1136 1143 1374 1193; x_wconf 88' lang='lat' dir='ltr'>scrupulus</span> <span class='ocrx_word' id='word_1_106' title='bbox 1417 1155 1468 1182; x_wconf 86' lang='lat' dir='ltr'>ex</span> <span class='ocrx_word' id='word_1_107' title='bbox 1511 1143 1673 1182; x_wconf 88' lang='lat' dir='ltr'>animis</span> <span class='ocrx_word' id='word_1_108' title='bbox 1717 1145 1970 1182; x_wconf 91' lang='lat' dir='ltr'>nostrorum</span> 
     </span>
     <span class='ocr_line' id='line_1_16' title="bbox 352 1206 1968 1257; baseline -0.001 -9"><span class='ocrx_word' id='word_1_109' title='bbox 352 1210 600 1254; x_wconf 79' lang='lat' dir='ltr'>tolleretur;</span> <span class='ocrx_word' id='word_1_110' title='bbox 635 1207 774 1246; x_wconf 79' lang='lat' dir='ltr'>voluit</span> <span class='ocrx_word' id='word_1_111' title='bbox 805 1206 898 1247; x_wconf 58' lang='lat' dir='ltr'>Rflffi</span> <span class='ocrx_word' id='word_1_112' title='bbox 928 1207 1121 1257; x_wconf 76' lang='lat' dir='ltr'>episcopi</span> <span class='ocrx_word' id='word_1_113' title='bbox 1153 1207 1462 1257; x_wconf 81' lang='lat' dir='ltr'>suffraganeus</span> <span class='ocrx_word' id='word_1_114' title='bbox 1483 1207 1693 1247; x_wconf 88' lang='lat' dir='ltr'>sacellum</span> <span class='ocrx_word' id='word_1_115' title='bbox 1715 1219 1813 1246; x_wconf 90' lang='lat' dir='ltr'>cum</span> <span class='ocrx_word' id='word_1_116' title='bbox 1841 1207 1968 1246; x_wconf 87' lang='lat' dir='ltr'>altari</span> 
     </span>
     <span class='ocr_line' id='line_1_17' title="bbox 351 1271 1967 1322; baseline -0.001 -9"><span class='ocrx_word' id='word_1_117' title='bbox 351 1273 605 1322; x_wconf 76' lang='lat' dir='ltr'>cerimoniis</span> <span class='ocrx_word' id='word_1_118' title='bbox 633 1272 858 1311; x_wconf 85' lang='lat' dir='ltr'>consuetis</span> <span class='ocrx_word' id='word_1_119' title='bbox 895 1271 1109 1322; x_wconf 78' lang='lat' dir='ltr'>pristinae</span> <span class='ocrx_word' id='word_1_120' title='bbox 1152 1271 1377 1311; x_wconf 81' lang='lat' dir='ltr'>sanctitati</span> <span class='ocrx_word' id='word_1_121' title='bbox 1421 1272 1672 1311; x_wconf 85' lang='lat' dir='ltr'>restituere:</span> <span class='ocrx_word' id='word_1_122' title='bbox 1719 1284 1894 1322; x_wconf 89' lang='lat' dir='ltr'>quoque</span> <span class='ocrx_word' id='word_1_123' title='bbox 1924 1271 1967 1311; x_wconf 89' lang='lat' dir='ltr'>id</span> 
     </span>
     <span class='ocr_line' id='line_1_18' title="bbox 352 1336 1969 1387; baseline -0.001 -10"><span class='ocrx_word' id='word_1_124' title='bbox 352 1338 508 1378; x_wconf 88' lang='lat' dir='ltr'>maiori</span> <span class='ocrx_word' id='word_1_125' title='bbox 538 1349 636 1376; x_wconf 88' lang='lat' dir='ltr'>cum</span> <span class='ocrx_word' id='word_1_126' title='bbox 666 1336 918 1375; x_wconf 80' lang='lat' dir='ltr'>celebritate</span> <span class='ocrx_word' id='word_1_127' title='bbox 948 1336 1083 1383; x_wconf 76' lang='lat' dir='ltr'>fieret,</span> <span class='ocrx_word' id='word_1_128' title='bbox 1116 1336 1246 1375; x_wconf 90' lang='lat' dir='ltr'>nobis</span> <span class='ocrx_word' id='word_1_129' title='bbox 1278 1336 1453 1386; x_wconf 90' lang='lat' dir='ltr'>penitus</span> <span class='ocrx_word' id='word_1_130' title='bbox 1482 1336 1808 1387; x_wconf 76' lang='lat' dir='ltr'>ignorantibus.</span> <span class='ocrx_word' id='word_1_131' title='bbox 1843 1347 1969 1375; x_wconf 81' lang='lat' dir='ltr'>vene-</span> 
     </span>
     <span class='ocr_line' id='line_1_19' title="bbox 352 1400 1970 1451; baseline -0.002 -8"><span class='ocrx_word' id='word_1_132' title='bbox 352 1403 535 1443; x_wconf 87' lang='lat' dir='ltr'>rabilem</span> <span class='ocrx_word' id='word_1_133' title='bbox 557 1402 616 1441; x_wconf 92' lang='lat' dir='ltr'>D.</span> <span class='ocrx_word' id='word_1_134' title='bbox 649 1402 852 1440; x_wconf 81' lang='lat' dir='ltr'>abbatem</span> <span class='ocrx_word' id='word_1_135' title='bbox 882 1400 1166 1441; x_wconf 68' lang='lat' dir='ltr'>S.¹1Mathiae</span> <span class='ocrx_word' id='word_1_136' title='bbox 1195 1412 1293 1440; x_wconf 89' lang='lat' dir='ltr'>cum</span> <span class='ocrx_word' id='word_1_137' title='bbox 1325 1400 1557 1440; x_wconf 90' lang='lat' dir='ltr'>nonnullis</span> <span class='ocrx_word' id='word_1_138' title='bbox 1590 1401 1692 1451; x_wconf 85' lang='lat' dir='ltr'>alijs</span> <span class='ocrx_word' id='word_1_139' title='bbox 1725 1400 1834 1439; x_wconf 89' lang='lat' dir='ltr'>viris</span> <span class='ocrx_word' id='word_1_140' title='bbox 1873 1400 1970 1439; x_wconf 90' lang='lat' dir='ltr'>reli-</span> 
     </span>
     <span class='ocr_line' id='line_1_20' title="bbox 351 1465 1968 1519; baseline -0.002 -12"><span class='ocrx_word' id='word_1_141' title='bbox 351 1469 488 1519; x_wconf 85' lang='lat' dir='ltr'>giosis</span> <span class='ocrx_word' id='word_1_142' title='bbox 521 1479 669 1506; x_wconf 90' lang='lat' dir='ltr'>secum</span> <span class='ocrx_word' id='word_1_143' title='bbox 708 1466 907 1508; x_wconf 76' lang='lat' dir='ltr'>adduxit,</span> <span class='ocrx_word' id='word_1_144' title='bbox 939 1466 1015 1517; x_wconf 90' lang='lat' dir='ltr'>qui</span> <span class='ocrx_word' id='word_1_145' title='bbox 1045 1468 1177 1505; x_wconf 89' lang='lat' dir='ltr'>cantu</span> <span class='ocrx_word' id='word_1_146' title='bbox 1207 1477 1288 1505; x_wconf 90' lang='lat' dir='ltr'>suo</span> <span class='ocrx_word' id='word_1_147' title='bbox 1318 1466 1381 1514; x_wconf 92' lang='lat' dir='ltr'>(in</span> <span class='ocrx_word' id='word_1_148' title='bbox 1412 1478 1499 1516; x_wconf 90' lang='lat' dir='ltr'>quo</span> <span class='ocrx_word' id='word_1_149' title='bbox 1530 1465 1711 1504; x_wconf 89' lang='lat' dir='ltr'>minime</span> <span class='ocrx_word' id='word_1_150' title='bbox 1756 1477 1837 1504; x_wconf 92' lang='lat' dir='ltr'>nos</span> <span class='ocrx_word' id='word_1_151' title='bbox 1881 1477 1968 1505; x_wconf 78' lang='lat' dir='ltr'>ver-</span> 
     </span>
     <span class='ocr_line' id='line_1_21' title="bbox 350 1531 1966 1583; baseline -0.003 -9"><span class='ocrx_word' id='word_1_152' title='bbox 350 1537 470 1574; x_wconf 89' lang='lat' dir='ltr'>satos</span> <span class='ocrx_word' id='word_1_153' title='bbox 516 1533 768 1583; x_wconf 71' lang='lat' dir='ltr'>cogitabat),</span> <span class='ocrx_word' id='word_1_154' title='bbox 815 1533 897 1570; x_wconf 88' lang='grc'>1100</span> <span class='ocrx_word' id='word_1_155' title='bbox 939 1543 1113 1571; x_wconf 86' lang='lat' dir='ltr'>sacrum</span> <span class='ocrx_word' id='word_1_156' title='bbox 1161 1531 1350 1570; x_wconf 82' lang='lat' dir='ltr'>officium</span> <span class='ocrx_word' id='word_1_157' title='bbox 1399 1533 1620 1570; x_wconf 90' lang='lat' dir='ltr'>ornarent.</span> <span class='ocrx_word' id='word_1_158' title='bbox 1667 1531 1750 1570; x_wconf 83' lang='lat' dir='ltr'>Vix</span> <span class='ocrx_word' id='word_1_159' title='bbox 1795 1542 1966 1581; x_wconf 90' lang='lat' dir='ltr'>possem</span> 
     </span>
     <span class='ocr_line' id='line_1_22' title="bbox 351 1595 1968 1648; baseline -0.002 -10"><span class='ocrx_word' id='word_1_160' title='bbox 351 1599 490 1639; x_wconf 85' lang='lat' dir='ltr'>literis</span> <span class='ocrx_word' id='word_1_161' title='bbox 519 1598 737 1648; x_wconf 81' lang='lat' dir='ltr'>explicare</span> <span class='ocrx_word' id='word_1_162' title='bbox 767 1596 902 1636; x_wconf 88' lang='lat' dir='ltr'>huius</span> <span class='ocrx_word' id='word_1_163' title='bbox 932 1595 1021 1635; x_wconf 61' lang='lat' dir='ltr'>Rfli</span> <span class='ocrx_word' id='word_1_164' title='bbox 1052 1596 1102 1636; x_wconf 92' lang='lat' dir='ltr'>D.</span> <span class='ocrx_word' id='word_1_165' title='bbox 1136 1595 1406 1646; x_wconf 84' lang='lat' dir='ltr'>suffraganei</span> <span class='ocrx_word' id='word_1_166' title='bbox 1448 1595 1710 1634; x_wconf 90' lang='lat' dir='ltr'>beneuolum</span> <span class='ocrx_word' id='word_1_167' title='bbox 1750 1607 1852 1645; x_wconf 89' lang='lat' dir='ltr'>erga</span> <span class='ocrx_word' id='word_1_168' title='bbox 1887 1607 1968 1634; x_wconf 92' lang='lat' dir='ltr'>nos</span> 
     </span>
     <span class='ocr_line' id='line_1_23' title="bbox 351 1660 1969 1713; baseline -0.004 -9"><span class='ocrx_word' id='word_1_169' title='bbox 351 1664 564 1709; x_wconf 80' lang='lat' dir='ltr'>animum,</span> <span class='ocrx_word' id='word_1_170' title='bbox 596 1662 671 1713; x_wconf 88' lang='lat' dir='ltr'>qui</span> <span class='ocrx_word' id='word_1_171' title='bbox 703 1661 872 1701; x_wconf 90' lang='lat' dir='ltr'>nullam</span> <span class='ocrx_word' id='word_1_172' title='bbox 918 1661 1262 1711; x_wconf 81' lang='lat' dir='ltr'>oportunitatem</span> <span class='ocrx_word' id='word_1_173' title='bbox 1309 1660 1513 1710; x_wconf 89' lang='lat' dir='ltr'>preterire</span> <span class='ocrx_word' id='word_1_174' title='bbox 1557 1662 1713 1710; x_wconf 83' lang='lat' dir='ltr'>potest,</span> <span class='ocrx_word' id='word_1_175' title='bbox 1758 1672 1844 1710; x_wconf 88' lang='lat' dir='ltr'>qua</span> <span class='ocrx_word' id='word_1_176' title='bbox 1888 1671 1969 1699; x_wconf 91' lang='lat' dir='ltr'>nos</span> 
     </span>
     <span class='ocr_line' id='line_1_24' title="bbox 350 1724 1968 1779; baseline -0.003 -11"><span class='ocrx_word' id='word_1_177' title='bbox 350 1729 468 1779; x_wconf 89' lang='lat' dir='ltr'>apud</span> <span class='ocrx_word' id='word_1_178' title='bbox 497 1739 650 1767; x_wconf 89' lang='lat' dir='ltr'>omnes</span> <span class='ocrx_word' id='word_1_179' title='bbox 679 1726 866 1765; x_wconf 89' lang='lat' dir='ltr'>summis</span> <span class='ocrx_word' id='word_1_180' title='bbox 909 1725 1118 1765; x_wconf 86' lang='lat' dir='ltr'>laudibus</span> <span class='ocrx_word' id='word_1_181' title='bbox 1154 1737 1243 1764; x_wconf 89' lang='lat' dir='ltr'>non</span> <span class='ocrx_word' id='word_1_182' title='bbox 1272 1725 1437 1774; x_wconf 85' lang='lat' dir='ltr'>efferat,</span> <span class='ocrx_word' id='word_1_183' title='bbox 1470 1737 1518 1763; x_wconf 91' lang='lat' dir='ltr'>ac</span> <span class='ocrx_word' id='word_1_184' title='bbox 1549 1724 1726 1775; x_wconf 88' lang='lat' dir='ltr'>pietatis</span> <span class='ocrx_word' id='word_1_185' title='bbox 1755 1726 1794 1763; x_wconf 88' lang='lat' dir='ltr'>et</span> <span class='ocrx_word' id='word_1_186' title='bbox 1825 1724 1968 1763; x_wconf 89' lang='lat' dir='ltr'>erudi-</span> 
     </span>
     <span class='ocr_line' id='line_1_25' title="bbox 350 1789 1964 1843; baseline -0.004 -10"><span class='ocrx_word' id='word_1_187' title='bbox 350 1794 485 1833; x_wconf 87' lang='lat' dir='ltr'>tionis</span> <span class='ocrx_word' id='word_1_188' title='bbox 515 1792 707 1843; x_wconf 81' lang='lat' dir='ltr'>graciam</span> <span class='ocrx_word' id='word_1_189' title='bbox 737 1791 1035 1837; x_wconf 86' lang='lat' dir='ltr'>commendet;</span> <span class='ocrx_word' id='word_1_190' title='bbox 1082 1790 1126 1829; x_wconf 89' lang='lat' dir='ltr'>id</span> <span class='ocrx_word' id='word_1_191' title='bbox 1170 1790 1286 1841; x_wconf 89' lang='lat' dir='ltr'>quod</span> <span class='ocrx_word' id='word_1_192' title='bbox 1332 1801 1431 1829; x_wconf 90' lang='lat' dir='ltr'>cum</span> <span class='ocrx_word' id='word_1_193' title='bbox 1476 1789 1520 1828; x_wconf 92' lang='lat' dir='ltr'>in</span> <span class='ocrx_word' id='word_1_194' title='bbox 1566 1789 1755 1840; x_wconf 87' lang='lat' dir='ltr'>publicis</span> <span class='ocrx_word' id='word_1_195' title='bbox 1785 1789 1879 1828; x_wconf 89' lang='lat' dir='ltr'>suis</span> <span class='ocrx_word' id='word_1_196' title='bbox 1913 1789 1964 1827; x_wconf 89' lang='lat' dir='ltr'>ad</span> 
     </span>
     <span class='ocr_line' id='line_1_26' title="bbox 354 1853 1964 1909; baseline -0.003 -12"><span class='ocrx_word' id='word_1_197' title='bbox 354 1859 563 1909; x_wconf 84' lang='lat' dir='ltr'>populum</span> <span class='ocrx_word' id='word_1_198' title='bbox 593 1856 898 1902; x_wconf 74' lang='lat' dir='ltr'>concionibus,</span> <span class='ocrx_word' id='word_1_199' title='bbox 934 1857 1026 1895; x_wconf 91' lang='lat' dir='ltr'>tum</span> <span class='ocrx_word' id='word_1_200' title='bbox 1058 1856 1103 1894; x_wconf 88' lang='lat' dir='ltr'>in</span> <span class='ocrx_word' id='word_1_201' title='bbox 1134 1855 1410 1894; x_wconf 86' lang='lat' dir='ltr'>sacerdotum</span> <span class='ocrx_word' id='word_1_202' title='bbox 1453 1854 1811 1893; x_wconf 84' lang='lat' dir='ltr'>ordinationibus</span> <span class='ocrx_word' id='word_1_203' title='bbox 1848 1853 1964 1893; x_wconf 83' lang='lat' dir='ltr'>facit.</span> 
     </span>
     <span class='ocr_line' id='line_1_27' title="bbox 351 1917 1968 1968; baseline -0.004 -6"><span class='ocrx_word' id='word_1_204' title='bbox 351 1923 471 1962; x_wconf 85' lang='lat' dir='ltr'>ldem</span> <span class='ocrx_word' id='word_1_205' title='bbox 502 1922 629 1961; x_wconf 90' lang='lat' dir='ltr'>nobis</span> <span class='ocrx_word' id='word_1_206' title='bbox 659 1921 779 1959; x_wconf 87' lang='lat' dir='ltr'>hisce</span> <span class='ocrx_word' id='word_1_207' title='bbox 809 1920 966 1959; x_wconf 90' lang='lat' dir='ltr'>diebus</span> <span class='ocrx_word' id='word_1_208' title='bbox 1005 1920 1170 1964; x_wconf 73' lang='lat' dir='ltr'>retulit,</span> <span class='ocrx_word' id='word_1_209' title='bbox 1202 1930 1248 1958; x_wconf 88' lang='lat' dir='ltr'>se</span> <span class='ocrx_word' id='word_1_210' title='bbox 1279 1919 1324 1957; x_wconf 90' lang='lat' dir='ltr'>in</span> <span class='ocrx_word' id='word_1_211' title='bbox 1356 1918 1577 1957; x_wconf 90' lang='lat' dir='ltr'>mandatis</span> <span class='ocrx_word' id='word_1_212' title='bbox 1607 1930 1631 1957; x_wconf 86' lang='lat' dir='ltr'>a</span> <span class='ocrx_word' id='word_1_213' title='bbox 1662 1918 1765 1957; x_wconf 48' lang='grc' dir='ltr'>111]ῑο</span> <span class='ocrx_word' id='word_1_214' title='bbox 1796 1917 1968 1968; x_wconf 81' lang='lat' dir='ltr'>presule</span> 
     </span>
     <span class='ocr_line' id='line_1_28' title="bbox 349 1981 1968 2038; baseline -0.004 -11"><span class='ocrx_word' id='word_1_215' title='bbox 349 1988 569 2038; x_wconf 88' lang='lat' dir='ltr'>accepisse</span> <span class='ocrx_word' id='word_1_216' title='bbox 600 1988 645 2025; x_wconf 88' lang='lat' dir='ltr'>ut</span> <span class='ocrx_word' id='word_1_217' title='bbox 676 1985 911 2035; x_wconf 84' lang='lat' dir='ltr'>diligenter</span> <span class='ocrx_word' id='word_1_218' title='bbox 942 1984 1205 2035; x_wconf 85' lang='lat' dir='ltr'>prospiceret</span> <span class='ocrx_word' id='word_1_219' title='bbox 1237 1995 1290 2022; x_wconf 90' lang='lat' dir='ltr'>ne</span> <span class='ocrx_word' id='word_1_220' title='bbox 1319 1983 1426 2034; x_wconf 90' lang='lat' dir='ltr'>quid</span> <span class='ocrx_word' id='word_1_221' title='bbox 1455 1983 1641 2033; x_wconf 88' lang='lat' dir='ltr'>collegio</span> <span class='ocrx_word' id='word_1_222' title='bbox 1683 1982 1866 2027; x_wconf 69' lang='lat' dir='ltr'>deesset„</span> <span class='ocrx_word' id='word_1_223' title='bbox 1908 1981 1968 2020; x_wconf 88' lang='lat' dir='ltr'>ita</span> 
     </span>
     <span class='ocr_line' id='line_1_29' title="bbox 350 2046 1966 2092; baseline -0.004 -1"><span class='ocrx_word' id='word_1_224' title='bbox 350 2053 467 2092; x_wconf 89' lang='lat' dir='ltr'>enim</span> <span class='ocrx_word' id='word_1_225' title='bbox 498 2051 626 2090; x_wconf 90' lang='lat' dir='ltr'>nobis</span> <span class='ocrx_word' id='word_1_226' title='bbox 656 2050 859 2088; x_wconf 77' lang='lat' dir='ltr'>affectum</span> <span class='ocrx_word' id='word_1_227' title='bbox 891 2061 986 2087; x_wconf 89' lang='lat' dir='ltr'>esse</span> <span class='ocrx_word' id='word_1_228' title='bbox 1015 2048 1172 2087; x_wconf 87' lang='lat' dir='ltr'>asserit</span> <span class='ocrx_word' id='word_1_229' title='bbox 1205 2048 1355 2091; x_wconf 79' lang='lat' dir='ltr'>R.¹¹¹¹¹¹¹¹,</span> <span class='ocrx_word' id='word_1_230' title='bbox 1389 2049 1435 2086; x_wconf 93' lang='lat' dir='ltr'>ut</span> <span class='ocrx_word' id='word_1_231' title='bbox 1462 2047 1504 2085; x_wconf 90' lang='lat' dir='ltr'>in</span> <span class='ocrx_word' id='word_1_232' title='bbox 1537 2046 1745 2086; x_wconf 90' lang='lat' dir='ltr'>omnibus</span> <span class='ocrx_word' id='word_1_233' title='bbox 1766 2048 1853 2085; x_wconf 80' lang='lat' dir='ltr'>fere</span> <span class='ocrx_word' id='word_1_234' title='bbox 1882 2057 1966 2084; x_wconf 88' lang='lat' dir='ltr'>ser—</span> 
     </span>
     <span class='ocr_line' id='line_1_30' title="bbox 350 2111 1964 2162; baseline -0.004 -6"><span class='ocrx_word' id='word_1_235' title='bbox 350 2117 557 2157; x_wconf 90' lang='lat' dir='ltr'>monibus</span> <span class='ocrx_word' id='word_1_236' title='bbox 587 2115 681 2154; x_wconf 87' lang='lat' dir='ltr'>suis</span> <span class='ocrx_word' id='word_1_237' title='bbox 712 2114 1007 2153; x_wconf 81' lang='lat' dir='ltr'>familiaribus</span> <span class='ocrx_word' id='word_1_238' title='bbox 1037 2113 1177 2151; x_wconf 91' lang='lat' dir='ltr'>nostri</span> <span class='ocrx_word' id='word_1_239' title='bbox 1210 2112 1476 2151; x_wconf 83' lang='lat' dir='ltr'>mentionem</span> <span class='ocrx_word' id='word_1_240' title='bbox 1506 2123 1606 2151; x_wconf 89' lang='lat' dir='ltr'>cum</span> <span class='ocrx_word' id='word_1_241' title='bbox 1637 2111 1798 2162; x_wconf 89' lang='lat' dir='ltr'>gaudio</span> <span class='ocrx_word' id='word_1_242' title='bbox 1820 2111 1964 2149; x_wconf 75' lang='lat' dir='ltr'>iaciat.</span> 
     </span>
    </p>

    <p class='ocr_par' dir='ltr' id='par_1_4' title="bbox 348 2177 1967 3075">
     <span class='ocr_line' id='line_1_31' title="bbox 427 2177 1965 2231; baseline -0.006 -9"><span class='ocrx_word' id='word_1_243' title='bbox 427 2183 463 2222; x_wconf 66' lang='grc'>2.</span> <span class='ocrx_word' id='word_1_244' title='bbox 495 2181 699 2231; x_wconf 78' lang='lat' dir='ltr'>Superest</span> <span class='ocrx_word' id='word_1_245' title='bbox 750 2191 881 2221; x_wconf 82' lang='lat' dir='ltr'>nunc,</span> <span class='ocrx_word' id='word_1_246' title='bbox 938 2179 1041 2219; x_wconf 81' lang='lat' dir='ltr'>Rde.</span> <span class='ocrx_word' id='word_1_247' title='bbox 1073 2178 1119 2217; x_wconf 90' lang='lat' dir='ltr'>in</span> <span class='ocrx_word' id='word_1_248' title='bbox 1163 2178 1292 2228; x_wconf 64' lang='lat' dir='ltr'>Xpo..</span> <span class='ocrx_word' id='word_1_249' title='bbox 1325 2179 1371 2216; x_wconf 89' lang='lat' dir='ltr'>ut</span> <span class='ocrx_word' id='word_1_250' title='bbox 1415 2177 1663 2216; x_wconf 90' lang='lat' dir='ltr'>studiorum</span> <span class='ocrx_word' id='word_1_251' title='bbox 1715 2178 1965 2214; x_wconf 83' lang='lat' dir='ltr'>nostrorum</span> 
     </span>
     <span class='ocr_line' id='line_1_32' title="bbox 351 2240 1966 2287; baseline -0.006 0"><span class='ocrx_word' id='word_1_252' title='bbox 351 2247 675 2287; x_wconf 82' lang='lat' dir='ltr'>institutionem</span> <span class='ocrx_word' id='word_1_253' title='bbox 705 2257 754 2283; x_wconf 92' lang='lat' dir='ltr'>ac</span> <span class='ocrx_word' id='word_1_254' title='bbox 784 2243 1067 2283; x_wconf 87' lang='lat' dir='ltr'>domesticam</span> <span class='ocrx_word' id='word_1_255' title='bbox 1113 2242 1478 2282; x_wconf 85' lang='lat' dir='ltr'>consuetudinem</span> <span class='ocrx_word' id='word_1_256' title='bbox 1509 2241 1795 2280; x_wconf 87' lang='lat' dir='ltr'>declaremus.</span> <span class='ocrx_word' id='word_1_257' title='bbox 1834 2240 1966 2279; x_wconf 89' lang='lat' dir='ltr'>Ante-</span> 
     </span>
     <span class='ocr_line' id='line_1_33' title="bbox 348 2304 1966 2363; baseline -0.006 -12"><span class='ocrx_word' id='word_1_258' title='bbox 348 2324 481 2363; x_wconf 86' lang='lat' dir='ltr'>quam</span> <span class='ocrx_word' id='word_1_259' title='bbox 525 2312 660 2361; x_wconf 89' lang='lat' dir='ltr'>igitur</span> <span class='ocrx_word' id='word_1_260' title='bbox 702 2309 913 2349; x_wconf 86' lang='lat' dir='ltr'>lectiones</span> <span class='ocrx_word' id='word_1_261' title='bbox 956 2309 1001 2347; x_wconf 87' lang='grc'>111</span> <span class='ocrx_word' id='word_1_262' title='bbox 1045 2308 1125 2347; x_wconf 83' lang='grc'>1130</span> <span class='ocrx_word' id='word_1_263' title='bbox 1169 2307 1393 2346; x_wconf 85' lang='lat' dir='ltr'>academia</span> <span class='ocrx_word' id='word_1_264' title='bbox 1434 2306 1758 2350; x_wconf 82' lang='lat' dir='ltr'>inchoaremus,</span> <span class='ocrx_word' id='word_1_265' title='bbox 1795 2304 1966 2343; x_wconf 88' lang='lat' dir='ltr'>curauit</span> 
     </span>
     <span class='ocr_line' id='line_1_34' title="bbox 350 2369 1964 2424; baseline -0.006 -7"><span class='ocrx_word' id='word_1_266' title='bbox 350 2379 474 2417; x_wconf 53' lang='lat' dir='ltr'>RJHUS</span> <span class='ocrx_word' id='word_1_267' title='bbox 504 2377 688 2415; x_wconf 87' lang='lat' dir='ltr'>antistes</span> <span class='ocrx_word' id='word_1_268' title='bbox 718 2374 967 2424; x_wconf 74' lang='lat' dir='ltr'>catalogum</span> <span class='ocrx_word' id='word_1_269' title='bbox 998 2385 1023 2411; x_wconf 91' lang='lat' dir='ltr'>a</span> <span class='ocrx_word' id='word_1_270' title='bbox 1067 2372 1230 2411; x_wconf 83' lang='lat' dir='ltr'>nostris</span> <span class='ocrx_word' id='word_1_271' title='bbox 1269 2371 1567 2421; x_wconf 84' lang='lat' dir='ltr'>conscriptum</span> <span class='ocrx_word' id='word_1_272' title='bbox 1603 2370 1719 2421; x_wconf 79' lang='lat' dir='ltr'>typis</span> <span class='ocrx_word' id='word_1_273' title='bbox 1749 2369 1964 2415; x_wconf 78' lang='lat' dir='ltr'>mandari,</span> 
     </span>
     <span class='ocr_line' id='line_1_35' title="bbox 349 2433 1964 2493; baseline -0.007 -11"><span class='ocrx_word' id='word_1_274' title='bbox 349 2455 399 2482; x_wconf 87' lang='lat' dir='ltr'>ac</span> <span class='ocrx_word' id='word_1_275' title='bbox 442 2454 517 2493; x_wconf 89' lang='lat' dir='ltr'>per</span> <span class='ocrx_word' id='word_1_276' title='bbox 564 2441 767 2480; x_wconf 88' lang='lat' dir='ltr'>ciuitates</span> <span class='ocrx_word' id='word_1_277' title='bbox 814 2438 1090 2485; x_wconf 76' lang='lat' dir='ltr'>Germaniae,</span> <span class='ocrx_word' id='word_1_278' title='bbox 1140 2437 1326 2486; x_wconf 85' lang='lat' dir='ltr'>Galliae,</span> <span class='ocrx_word' id='word_1_279' title='bbox 1375 2438 1417 2475; x_wconf 90' lang='lat' dir='ltr'>et.</span> <span class='ocrx_word' id='word_1_280' title='bbox 1464 2435 1696 2474; x_wconf 88' lang='lat' dir='ltr'>Flandriae</span> <span class='ocrx_word' id='word_1_281' title='bbox 1743 2433 1964 2481; x_wconf 82' lang='lat' dir='ltr'>distribui,</span> 
     </span>
     <span class='ocr_line' id='line_1_36' title="bbox 348 2499 1965 2558; baseline -0.007 -11"><span class='ocrx_word' id='word_1_282' title='bbox 348 2519 537 2558; x_wconf 90' lang='lat' dir='ltr'>quorum</span> <span class='ocrx_word' id='word_1_283' title='bbox 580 2505 749 2555; x_wconf 87' lang='lat' dir='ltr'>aliquot</span> <span class='ocrx_word' id='word_1_284' title='bbox 792 2502 1059 2553; x_wconf 84' lang='lat' dir='ltr'>exemplaria</span> <span class='ocrx_word' id='word_1_285' title='bbox 1104 2502 1190 2540; x_wconf 89' lang='lat' dir='ltr'>iam</span> <span class='ocrx_word' id='word_1_286' title='bbox 1230 2501 1415 2540; x_wconf 83' lang='lat' dir='ltr'>Romam</span> <span class='ocrx_word' id='word_1_287' title='bbox 1446 2500 1662 2539; x_wconf 90' lang='lat' dir='ltr'>misimus.</span> <span class='ocrx_word' id='word_1_288' title='bbox 1698 2499 1792 2537; x_wconf 91' lang='lat' dir='ltr'>Illis</span> <span class='ocrx_word' id='word_1_289' title='bbox 1821 2500 1965 2536; x_wconf 89' lang='lat' dir='ltr'>autem</span> 
     </span>
     <span class='ocr_line' id='line_1_37' title="bbox 348 2562 1965 2622; baseline -0.007 -10"><span class='ocrx_word' id='word_1_290' title='bbox 348 2572 562 2622; x_wconf 78' lang='lat' dir='ltr'>catalogis</span> <span class='ocrx_word' id='word_1_291' title='bbox 583 2571 717 2610; x_wconf 89' lang='lat' dir='ltr'>huius</span> <span class='ocrx_word' id='word_1_292' title='bbox 737 2568 986 2608; x_wconf 86' lang='lat' dir='ltr'>academiae</span> <span class='ocrx_word' id='word_1_293' title='bbox 1007 2567 1227 2617; x_wconf 85' lang='lat' dir='ltr'>collapsae</span> <span class='ocrx_word' id='word_1_294' title='bbox 1244 2565 1623 2614; x_wconf 85' lang='lat' dir='ltr'>restaurationem,</span> <span class='ocrx_word' id='word_1_295' title='bbox 1641 2567 1814 2614; x_wconf 88' lang='lat' dir='ltr'>tempus</span> <span class='ocrx_word' id='word_1_296' title='bbox 1835 2562 1965 2601; x_wconf 89' lang='lat' dir='ltr'>etiam</span> 
     </span>
     <span class='ocr_line' id='line_1_38' title="bbox 348 2627 1967 2679; baseline -0.007 -2"><span class='ocrx_word' id='word_1_297' title='bbox 348 2637 626 2677; x_wconf 87' lang='lat' dir='ltr'>orationibus</span> <span class='ocrx_word' id='word_1_298' title='bbox 655 2633 892 2674; x_wconf 84' lang='lat' dir='ltr'>recitandis</span> <span class='ocrx_word' id='word_1_299' title='bbox 926 2644 975 2671; x_wconf 90' lang='lat' dir='ltr'>ac</span> <span class='ocrx_word' id='word_1_300' title='bbox 1008 2632 1245 2671; x_wconf 90' lang='lat' dir='ltr'>lectionum</span> <span class='ocrx_word' id='word_1_301' title='bbox 1282 2630 1410 2669; x_wconf 92' lang='lat' dir='ltr'>initio</span> <span class='ocrx_word' id='word_1_302' title='bbox 1439 2629 1714 2679; x_wconf 89' lang='lat' dir='ltr'>assignatum</span> <span class='ocrx_word' id='word_1_303' title='bbox 1745 2627 1967 2678; x_wconf 88' lang='lat' dir='ltr'>aperieba-</span> 
     </span>
     <span class='ocr_line' id='line_1_39' title="bbox 349 2692 1963 2751; baseline -0.007 -10"><span class='ocrx_word' id='word_1_304' title='bbox 349 2714 461 2741; x_wconf 91' lang='lat' dir='ltr'>mus.</span> <span class='ocrx_word' id='word_1_305' title='bbox 496 2702 646 2751; x_wconf 89' lang='lat' dir='ltr'>Itaque</span> <span class='ocrx_word' id='word_1_306' title='bbox 676 2701 730 2739; x_wconf 71' lang='lat'>30.</span> <span class='ocrx_word' id='word_1_307' title='bbox 764 2697 988 2747; x_wconf 74' lang='lat' dir='ltr'>Februarii</span> <span class='ocrx_word' id='word_1_308' title='bbox 1022 2708 1121 2736; x_wconf 89' lang='lat' dir='ltr'>cum</span> <span class='ocrx_word' id='word_1_309' title='bbox 1165 2696 1339 2735; x_wconf 90' lang='lat' dir='ltr'>duobus</span> <span class='ocrx_word' id='word_1_310' title='bbox 1383 2693 1759 2745; x_wconf 83' lang='lat' dir='ltr'>subsequentibus</span> <span class='ocrx_word' id='word_1_311' title='bbox 1793 2692 1963 2735; x_wconf 78' lang='lat' dir='ltr'>diebus,</span> 
     </span>
     <span class='ocr_line' id='line_1_40' title="bbox 349 2757 1963 2811; baseline -0.006 -5"><span class='ocrx_word' id='word_1_312' title='bbox 349 2768 395 2806; x_wconf 93' lang='lat' dir='ltr'>in</span> <span class='ocrx_word' id='word_1_313' title='bbox 425 2766 576 2805; x_wconf 89' lang='lat' dir='ltr'>schola</span> <span class='ocrx_word' id='word_1_314' title='bbox 597 2765 731 2804; x_wconf 91' lang='lat' dir='ltr'>huius</span> <span class='ocrx_word' id='word_1_315' title='bbox 752 2761 1057 2802; x_wconf 73' lang='lat' dir='ltr'>Vniuersitatis</span> <span class='ocrx_word' id='word_1_316' title='bbox 1077 2760 1367 2811; x_wconf 73' lang='lat' dir='ltr'>amplissima,</span> <span class='ocrx_word' id='word_1_317' title='bbox 1391 2760 1432 2798; x_wconf 92' lang='lat' dir='ltr'>et</span> <span class='ocrx_word' id='word_1_318' title='bbox 1454 2757 1764 2797; x_wconf 89' lang='lat' dir='ltr'>honestissime</span> <span class='ocrx_word' id='word_1_319' title='bbox 1793 2757 1963 2797; x_wconf 74' lang='lat' dir='ltr'>ornata.</span> 
     </span>
     <span class='ocr_line' id='line_1_41' title="bbox 349 2822 1965 2874; baseline -0.007 -3"><span class='ocrx_word' id='word_1_320' title='bbox 349 2833 393 2871; x_wconf 90' lang='lat' dir='ltr'>in</span> <span class='ocrx_word' id='word_1_321' title='bbox 426 2831 657 2870; x_wconf 89' lang='lat' dir='ltr'>hominum</span> <span class='ocrx_word' id='word_1_322' title='bbox 701 2828 893 2867; x_wconf 79' lang='lat' dir='ltr'>maxima</span> <span class='ocrx_word' id='word_1_323' title='bbox 937 2825 1236 2871; x_wconf 75' lang='lat' dir='ltr'>multitudine,</span> <span class='ocrx_word' id='word_1_324' title='bbox 1269 2837 1293 2863; x_wconf 91' lang='lat' dir='ltr'>a</span> <span class='ocrx_word' id='word_1_325' title='bbox 1324 2824 1466 2863; x_wconf 90' lang='lat' dir='ltr'>tribus</span> <span class='ocrx_word' id='word_1_326' title='bbox 1510 2822 1833 2874; x_wconf 85' lang='lat' dir='ltr'>professoribus</span> <span class='ocrx_word' id='word_1_327' title='bbox 1868 2832 1965 2859; x_wconf 90' lang='lat' dir='ltr'>ora-</span> 
     </span>
     <span class='ocr_line' id='line_1_42' title="bbox 348 2884 1964 2941; baseline -0.007 -6"><span class='ocrx_word' id='word_1_328' title='bbox 348 2897 492 2935; x_wconf 87' lang='lat' dir='ltr'>tiones</span> <span class='ocrx_word' id='word_1_329' title='bbox 522 2898 609 2934; x_wconf 87' lang='lat' dir='ltr'>tres</span> <span class='ocrx_word' id='word_1_330' title='bbox 652 2894 856 2933; x_wconf 89' lang='lat' dir='ltr'>recitatae</span> <span class='ocrx_word' id='word_1_331' title='bbox 887 2893 1013 2937; x_wconf 86' lang='lat' dir='ltr'>sunt;</span> <span class='ocrx_word' id='word_1_332' title='bbox 1061 2901 1246 2941; x_wconf 90' lang='lat' dir='ltr'>quarum</span> <span class='ocrx_word' id='word_1_333' title='bbox 1280 2888 1399 2939; x_wconf 86' lang='lat' dir='ltr'>prior</span> <span class='ocrx_word' id='word_1_334' title='bbox 1428 2889 1621 2927; x_wconf 86' lang='lat' dir='ltr'>veterum</span> <span class='ocrx_word' id='word_1_335' title='bbox 1644 2884 1964 2925; x_wconf 88' lang='lat' dir='ltr'>treuerensium</span> 
     </span>
     <span class='ocr_line' id='line_1_43' title="bbox 348 2950 1963 3006; baseline -0.007 -6"><span class='ocrx_word' id='word_1_336' title='bbox 348 2961 502 3000; x_wconf 90' lang='lat' dir='ltr'>laudes</span> <span class='ocrx_word' id='word_1_337' title='bbox 531 2962 572 2999; x_wconf 92' lang='lat' dir='ltr'>et</span> <span class='ocrx_word' id='word_1_338' title='bbox 601 2958 850 2998; x_wconf 89' lang='lat' dir='ltr'>studiorum</span> <span class='ocrx_word' id='word_1_339' title='bbox 880 2967 1062 3006; x_wconf 90' lang='lat' dir='ltr'>scopum</span> <span class='ocrx_word' id='word_1_340' title='bbox 1105 2954 1331 3004; x_wconf 83' lang='lat' dir='ltr'>complexa</span> <span class='ocrx_word' id='word_1_341' title='bbox 1376 2954 1454 2992; x_wconf 88' lang='lat' dir='ltr'>est.</span> <span class='ocrx_word' id='word_1_342' title='bbox 1501 2951 1701 2992; x_wconf 86' lang='lat' dir='ltr'>Secunda</span> <span class='ocrx_word' id='word_1_343' title='bbox 1730 2950 1894 2989; x_wconf 90' lang='lat' dir='ltr'>latinae</span> <span class='ocrx_word' id='word_1_344' title='bbox 1923 2950 1963 2988; x_wconf 89' lang='lat' dir='ltr'>et</span> 
     </span>
     <span class='ocr_line' id='line_1_44' title="bbox 348 3012 1964 3075; baseline -0.008 -10"><span class='ocrx_word' id='word_1_345' title='bbox 348 3036 500 3075; x_wconf 84' lang='lat' dir='ltr'>grecae</span> <span class='ocrx_word' id='word_1_346' title='bbox 530 3024 707 3074; x_wconf 88' lang='lat' dir='ltr'>linguae</span> <span class='ocrx_word' id='word_1_347' title='bbox 737 3020 1186 3064; x_wconf 82' lang='lat' dir='ltr'>commendationem;</span> <span class='ocrx_word' id='word_1_348' title='bbox 1218 3018 1347 3057; x_wconf 87' lang='lat' dir='ltr'>tertia</span> <span class='ocrx_word' id='word_1_349' title='bbox 1366 3029 1469 3056; x_wconf 77' lang='lat' dir='ltr'>vero</span> <span class='ocrx_word' id='word_1_350' title='bbox 1500 3015 1746 3066; x_wconf 88' lang='lat' dir='ltr'>theologiae</span> <span class='ocrx_word' id='word_1_351' title='bbox 1766 3012 1964 3053; x_wconf 88' lang='lat' dir='ltr'>encomia</span> 
     </span>
    </p>
   </div>
  </div>
 </body>
</html>
