2099 3516
441 283 509 318 708
909 281 1112 318 er‘rERAE
1146 281 1490 326 QUADRxMEs‘rREs

394 402 552 441 adduci
582 401 699 451 quod
730 412 781 439 ex
814 399 955 438 Patris
984 411 1058 439 ore
1087 400 1202 439 elabi
1231 402 1491 449 cernebant,
1524 413 1662 453 eoque
1700 414 1768 442 res
1798 396 2008 454 producta

393 469 473 513 est,
506 468 551 505 ut
582 465 785 505 nonnulli
819 477 869 503 ex
900 464 1126 503 canonicis
1169 465 1421 505 consultum
1456 465 1569 505 irent
1601 466 1744 506 uirum
1787 468 2007 519 quendam

393 531 589 581 apprime
618 531 809 571 doctum,
842 529 1005 579 quique
1035 530 1287 568 cathedram
1317 530 1565 581 theologiae
1595 531 1641 570 in
1674 532 1756 571 hac
1785 532 2008 572 academia

393 596 657 641 moderatur,
682 607 785 634 num
810 594 920 632 illud
943 594 1003 632 ita
1023 595 1151 641 esset,
1184 596 1232 633 ut
1261 606 1286 634 a
1317 595 1444 634 Patre
1464 595 1687 635 Gutterrio
1708 590 2008 648 accepissent?

393 660 530 712 Cujus
573 660 633 699 rei
678 660 894 707 integrum
942 670 1202 709 responsum
1240 659 1391 698 doctor
1420 659 1513 710 ipse
1543 660 1589 698 in
1618 661 1843 709 concione,
1874 673 2008 712 quam

392 725 590 776 sequenti
622 725 691 763 die
721 726 813 763 erat
860 724 1110 769 habiturus,
1153 725 1350 774 protulit,
1392 725 1466 764 ubi
1497 737 1587 764 non
1634 725 1774 766 defuit
1803 725 1869 766 illi
1898 720 2009 766 acri-

393 790 540 828 monia
571 789 615 827 in
647 788 1005 838 reprehendendo
1036 788 1333 839 ignorantiam
1364 801 1530 837 eorum,
1562 790 1639 841 qui
1669 790 1781 830 alias
1809 791 2009 831 doctores

392 854 501 905 legis
531 866 625 893 esse
672 854 893 899 deberent,
926 853 1288 904 asseuerauitque
1336 865 1424 893 rem
1473 854 1535 893 ita
1581 867 1627 894 se
1664 855 1841 904 habere,
1874 855 2008 895 immo

392 919 530 958 multo
573 918 774 957 acerbius
817 930 949 967 quam
980 930 1002 956 a
1035 918 1163 956 Patre
1192 917 1415 958 Gutterrio
1450 918 1722 959 didicissent.
1755 919 1800 959 Si
1830 921 2008 971 quando

391 996 479 1023 rem
515 983 709 1034 aliquam
754 983 1103 1032 persuadendam
1144 983 1346 1031 assumit,
1379 995 1454 1023 eos
1496 984 1713 1023 sermonis
1755 985 1933 1024 aculeos
1961 984 2009 1024 in

390 1048 551 1087 animis
581 1048 831 1086 auditorum
856 1047 1081 1098 relinquit,
1106 1050 1149 1087 ut
1182 1048 1406 1098 quiescere
1431 1060 1520 1087 non
1541 1048 1673 1096 sinat,
1697 1049 1835 1088 donec
1864 1049 2009 1100 reipsa

389 1112 709 1163 compleuerint
737 1112 854 1162 quod
886 1112 1014 1150 Pater
1045 1112 1305 1162 persuadere
1325 1113 1571 1160 nitebatur3
1604 1113 1722 1164 quod
1751 1125 1850 1153 cum
1879 1122 2009 1165 saepe

390 1177 629 1217 usuuenire
658 1177 812 1219 soleat,
845 1178 936 1215 tum
969 1176 1157 1216 maxime
1190 1177 1336 1227 reipsa
1378 1178 1609 1228 probatum
1641 1179 1728 1226 est;
1760 1190 1866 1218 cum¹
1890 1178 2008 1218 enim

390 1242 703 1292 proclamasset
723 1253 797 1280 eos
829 1252 1056 1291 pauperes,
1080 1242 1156 1291 qui
1179 1242 1225 1280 in
1246 1254 1464 1281 carcerem
1485 1244 1590 1281 sunt
1609 1242 1793 1290 detrusi,
1815 1245 2008 1282 extrema

389 1306 635 1357 indigentia
664 1306 817 1356 premi,
850 1306 1190 1356 diligentissime
1233 1306 1407 1346 miseris
1449 1307 1714 1357 opitulatum
1758 1309 1838 1355 est,
1870 1307 2008 1347 uariis

390 1371 492 1410 hinc
535 1371 638 1409 inde
679 1371 972 1421 eleemosynis
1014 1371 1232 1419 collectis3
1265 1372 1379 1410 inter
1420 1383 1532 1422 quas
1562 1374 1763 1411 matrona
1791 1371 2007 1422 quaedam

388 1435 567 1483 nobilis,
591 1447 689 1474 cum
721 1435 912 1485 primum
933 1436 1135 1474 concioni
1158 1436 1223 1474 illi
1245 1438 1439 1475 extrema
1459 1448 1618 1476 manus
1647 1438 1761 1476 esset
1790 1436 2005 1485 adhibita,

388 1500 600 1551 quidquid
635 1500 689 1538 ad
711 1500 870 1539 lectum
893 1512 1031 1539 unum
1058 1501 1342 1540 sternendum
1365 1501 1662 1540 necessarium
1683 1503 1763 1549 est,
1786 1500 2008 1540 liberrime

387 1565 561 1605 obtulit.
586 1565 851 1615 Saepissime
873 1565 1025 1604 Patres
1055 1565 1305 1605 inviserunt
1332 1573 1351 1591 θ’
1371 1566 1454 1605 hoc
1475 1578 1615 1617 genus
1635 1566 1882 1613 hominum,
1913 1567 2007 1605 tum

389 1632 614 1670 uteorum
666 1632 832 1669 mentes
879 1630 1170 1670 concionibus
1217 1631 1455 1678 instruant,
1488 1633 1581 1670 tum
1625 1632 1674 1670 ut
1706 1631 2007 1670 confessiones

388 1695 586 1743 audiant,
618 1707 704 1745 qua
736 1695 781 1734 in
812 1707 855 1734 re
886 1697 1112 1745 tantopere
1143 1695 1272 1734 nobis
1315 1695 1514 1735 animum
1550 1695 1739 1735 illustris
1768 1695 2006 1735 admodum

387 1761 674 1800 cancellariae
696 1761 840 1811 regiae
862 1760 1078 1810 praesidis
1108 1763 1119 1784 1
1151 1760 1505 1808 conciliauimus,
1529 1763 1578 1800 ut
1597 1761 1712 1800 hanc
1731 1758 2006 1800 occasionem

388 1827 543 1864 nactus
575 1826 643 1865 Pr.
677 1826 835 1864 Rector
863 1827 892 1872 2,
925 1837 1024 1864 cum
1055 1825 1133 1864 illo
1163 1826 1215 1864 de
1245 1837 1289 1864 re
1319 1826 1510 1875 quadam
1541 1827 1657 1876 agat,
1679 1837 1812 1877 quam
1842 1825 1889 1864 in
1918 1837 2008 1864 ma-

388 1902 525 1941 gnum
555 1891 690 1941 hujus
722 1891 842 1941 regni
873 1891 1220 1930 emolumentum
1256 1891 1451 1930 futuram
1485 1902 1737 1941 speramus;
1769 1891 1822 1930 de
1851 1902 1901 1930 ea
1929 1902 2007 1930 au-

388 1957 471 1994 tem
502 1967 603 1994 cum
634 1955 823 2005 primum
855 1956 1053 1994 foelicem
1083 1955 1249 1994 exitum
1272 1955 1404 1994 fuerit
1433 1956 1604 2004 sortita,
1627 1955 1854 1995 certiorem
1883 1956 2006 1995 tuam

388 2020 437 2059 R.
472 2020 519 2059 P.
553 2020 724 2059 faciam.
758 2020 957 2071 Benigno
987 2020 1136 2059 animo
1166 2022 1298 2071 atque
1329 2020 1455 2059 uultu
1486 2019 1619 2059 hilari
1650 2020 1802 2059 Patres
1831 2021 2006 2059 nostros

386 2084 547 2134 excipit
577 2084 844 2134 illorumque
887 2085 1074 2124 consilia
1104 2087 1313 2135 acceptat.
1347 2084 1454 2124 Cum
1485 2085 1740 2124 admoneret
1770 2085 1840 2124 Pr.
1873 2084 2006 2124 soler-

386 2148 540 2187 tiorem
585 2161 733 2187 curam
778 2148 891 2188 circa
936 2149 1110 2188 uinctos
1152 2160 1247 2188 esse
1291 2151 1506 2199 oportere,
1538 2161 1670 2200 quam
1706 2149 1836 2188 modo
1874 2150 2003 2195 esset,

386 2214 474 2251 tam
504 2213 619 2252 circa
648 2225 797 2252 eorum
829 2213 1016 2260 animas,
1048 2225 1181 2264 quam
1212 2225 1410 2264 corpora,
1433 2213 1582 2252 animo
1614 2225 1793 2264 prorsus
1822 2215 2005 2264 paterno

386 2277 556 2316 addidit
585 2290 630 2317 se
660 2279 849 2328 primum
896 2278 1009 2317 uelle
1048 2278 1259 2317 interesse
1301 2278 1606 2326 concionibus,
1637 2290 1750 2329 quae
1791 2277 1884 2317 illic
1926 2278 2005 2317 ha-

386 2342 553 2381 bendae
582 2345 743 2390 essent,
777 2345 817 2382 et
848 2343 1101 2382 ministrum
1132 2355 1177 2382 se
1206 2343 1414 2382 exhibere
1445 2355 1621 2383 mensae
1647 2354 1905 2394 pauperum,
1927 2342 2004 2394 qui

386 2408 477 2447 illic
506 2409 690 2460 conjecti
721 2411 837 2457 sunt,
870 2411 918 2448 ut
948 2409 1017 2447 uel
1047 2408 1110 2447 sic
1139 2407 1157 2433 ¹³
1178 2420 1252 2447 eos
1295 2408 1556 2456 inssamaret,
1588 2420 1676 2459 quo
1709 2419 1756 2448 se
1785 2408 1831 2447 in
1860 2407 2006 2447 sanio-

385 2485 475 2512 rem
506 2476 695 2513 mentem
726 2474 982 2524 reciperent.

488 2539 525 2577 1³3.
552 2539 669 2577 Inter
690 2539 778 2577 alia
800 2538 952 2586 multa,
971 2550 1085 2588 quae
1115 2538 1243 2577 nobis
1265 2538 1327 2577 sic
1348 2538 1547 2577 animum
1570 2537 1812 2578 illustriss.i
1840 2537 2004 2588 praesi-

384 2602 453 2641 dis
482 2603 847 2651 conciliauerunt,
871 2615 960 2642 non
989 2605 1255 2653 postremum
1286 2603 1429 2642 locum
1462 2604 1580 2642 tenet
1599 2614 1734 2642 causa
1761 2604 1804 2642 et
1832 2601 2001 2650 lisina,

444 2770 463 2788 a
484 2762 620 2794 inuissi
643 2764 732 2795 sunt
755 2772 825 2795 ms.
850 2782 890 2785 —
913 2763 932 2789 b
953 2763 1009 2795 sio
1031 2762 1077 2795 A.

444 2901 455 2917 ¹
479 2898 697 2930 Franciscus
720 2898 820 2930 Tello
843 2899 887 2930 de
910 2898 1105 2936 Sandoval,
1133 2899 1215 2938 post
1247 2898 1359 2939 episc.
1384 2898 1595 2930 oxomensis
1618 2899 1654 2930 et
1676 2881 1998 2939 placenti'nusjsd'f.

380 2950 567 2982 GonzsxLEz
592 2952 752 2983 Divitia:
793 2951 957 2983 Theatro
990 2951 1232 2983 eeclesiastico
1266 2951 1311 2983 cle
1335 2952 1374 2983 la
1407 2951 1552 2992 iylesia
1574 2961 1599 2992 y
1621 2950 1773 2983 ciudad
1794 2949 1840 2982 de
1869 2949 1998 2986 Osma,

383 3012 405 3043 p
444 3057 456 3074 2
479 3056 515 3088 P.
542 3056 791 3097 Hieronymus
814 3056 908 3088 Ruiz
932 3056 989 3089 del
1016 3056 1178 3089 Portillo.
