2099 3516
559 249 639 286 516.
666 270 709 275 —
737 250 919 286 PAmsns
947 248 964 283 1
992 249 1091 285 MA11
1119 249 1208 285 1561
1580 249 1650 284 273

74 369 289 421 parlando
333 369 480 408 l'altro
510 368 668 419 giorno
710 367 754 407 di
784 366 864 417 luj,
896 367 1014 406 disse
1042 367 1122 406 che
1165 378 1239 406 era
1281 366 1533 406 un'huomo
1571 366 1697 405 onni—

72 436 263 486 potente.
298 433 488 486 [Rerum
521 435 768 474 exilitatem
798 434 981 472 excusat
1009 434 1049 472 et
1073 445 1224 483 preces
1248 431 1489 483 postulat]
1512 431 1565 470 Di
1587 430 1697 470 Nola

74 500 106 539 il
137 499 279 550 primo
308 498 353 538 di
384 498 559 549 Maggio
589 498 659 537 del
689 497 801 536 LXI.

181 564 263 603 Per
291 563 604 603 commissione
633 563 703 602 del
733 563 784 602 R.
818 563 865 602 P.
900 562 1077 602 Rettore
1107 564 1134 601 ¹.

180 628 233 668 Di
264 629 314 669 V.
346 629 392 669 P.
424 628 475 668 R.
508 640 638 668 seruo
668 627 930 679 indigniss.0

1069 716 1327 756 THOMMASO
1357 716 1532 756 RAGGIO
1562 717 1591 755 ².

840 987 939 1037 516

501 1129 561 1178 1³..
597 1127 936 1194 NICOLAUS
974 1127 1274 1178 LIETARD

638 1275 813 1302 PARISIIS
842 1266 857 1301 1
887 1276 978 1302 MAII
1006 1265 1094 1301 1561
1122 1266 1147 1301 ³.

82 1398 325 1438 Consuetae
354 1399 578 1437 sociorum
613 1398 935 1448 occupationes.
981 1397 1081 1436 Non
1126 1397 1286 1436 desunt
1327 1398 1508 1436 iuvenes
1555 1396 1708 1435 candi-

184 1464 294 1510 dati,
325 1465 403 1514 qui
447 1464 594 1503 tamen
623 1463 672 1502 ob
720 1463 878 1502 domus
908 1464 1147 1513 angustias
1177 1462 1356 1501 admitti
1385 1462 1622 1512 nequeunt.
1657 1483 1706 1488 -

186 1528 304 1568 Socii
333 1529 446 1568 bona
473 1529 670 1568 utuntur
698 1529 955 1568 valetudine
980 1529 1161 1580 praeter
1188 1529 1242 1568 P.
1274 1528 1515 1566 Robertum
1558 1526 1709 1577 Clays-

185 1596 380 1634 sonium.
403 1616 453 1621 —-
473 1595 788 1634 Adversantur
817 1594 1026 1634 Societati
1040 1594 1222 1644 praeter
1247 1594 1502 1641 haereticos,
1524 1594 1709 1632 senatus

180 1661 468 1710 parisiensis,
500 1660 762 1703 sorbonicus
792 1672 1037 1707 consessus,
1083 1659 1314 1699 academia
1357 1659 1464 1705 tota,
1508 1658 1707 1709 parochi,

187 1725 403 1775 religiosi,
450 1725 534 1763 alii
578 1725 770 1771 demum,
802 1737 879 1763 nec
915 1725 1065 1774 pauci,
1116 1725 1192 1773 qui
1241 1724 1387 1774 legata
1429 1723 1482 1762 ab
1511 1724 1709 1773 episcopo

187 1790 527 1829 claromontano
559 1789 769 1829 Societati
811 1790 968 1829 relicta
1013 1789 1170 1828 habere
1207 1790 1384 1835 vellent,
1415 1789 1466 1827 ut
1488 1800 1711 1839 pauperes

188 1856 533 1903 claromontani,
566 1855 812 1894 billiomaei
840 1856 955 1894 cives
983 1855 1023 1893 et
1051 1855 1268 1894 canonici.
1298 1876 1349 1881 —
1378 1855 1447 1893 Ex
1470 1854 1602 1904 parte
1636 1852 1711 1892 So-

188 1921 361 1960 cietatis
393 1920 627 1960 laboratur
656 1921 876 1970 quantum
905 1921 1005 1970 fieri
1027 1921 1173 1970 potest
1201 1920 1251 1959 ut
1278 1921 1328 1959 in
1363 1919 1517 1959 Gallia
1552 1919 1712 1958 admit-

190 1987 330 2025 tatur.
369 1985 509 2025 Cuius
540 1986 809 2025 admissioni
833 1987 1107 2035 parisiensis
1136 1986 1364 2035 episcopus
1385 1985 1614 2031 consentit,
1636 1983 1712 2022 sed

189 2053 362 2102 iniquis
391 2051 723 2090 condicionibus
735 2065 748 2098 ‚·
776 2063 867 2089 non
896 2063 998 2089 vero
1027 2051 1224 2098 senatus,
1257 2051 1550 2100 quantumvis
1580 2049 1637 2088 ad
1666 2049 1712 2088 id

189 2117 229 2154 et
258 2118 396 2166 regiis
441 2117 617 2165 litteriS,
666 2117 706 2155 et
735 2116 977 2166 multiplici
1005 2116 1262 2155 interventu
1290 2127 1341 2154 ac
1387 2116 1714 2165 supplicatione

190 2182 499 2220 cardinalium
520 2182 824 2231 Lotharinyii‚
852 2182 1171 2229 Turnonensis‚
1201 2181 1428 2228 Borbonii,
1460 2181 1714 2219 Arminiaci

190 2247 472 2286 sollicitetur.
503 2269 554 2273 —
583 2248 784 2296 Denique
809 2259 959 2297 preces
988 2259 1068 2297 pro
1099 2247 1373 2285 admissione
1395 2246 1613 2296 postulat.

130 2467 159 2495 ‘¹
181 2475 219 2508 P.
244 2475 401 2508 Ioannes
424 2475 608 2517 Montoya.

147 2530 160 2548 ²
184 2528 275 2561 Vide
298 2528 393 2561 Litt.
423 2527 630 2569 Quadrim.
647 2528 707 2568 VI,
732 2529 804 2561 619.

149 2583 162 2601 ³
184 2581 338 2623 Autogr.
364 2581 402 2613 in
425 2581 504 2614 cod.
533 2580 633 2614 Gall.
658 2581 727 2618 532
743 2581 779 2614 ff.
803 2582 855 2621 54,
880 2582 938 2621 55;
963 2582 1067 2623 prius
1090 2582 1163 2621 372,
1180 2582 1241 2613 373
1263 2581 1348 2623 (⁶226,
1374 2581 1463 2622 227).
1487 2580 1588 2620 Quae
1611 2581 1650 2613 in
1673 2590 1716 2613 ea

83 2634 275 2681 dicuntur,
300 2634 374 2667 fere
398 2635 524 2667 omnia
546 2634 734 2667 habentur
756 2635 795 2667 in
818 2635 992 2677 epistulis
1026 2634 1092 2667 ΡΡ.
1131 2634 1241 2667 Broet
1277 2635 1314 2667 et
1350 2633 1559 2676 Cogordani
1592 2643 1656 2675 per
1678 2634 1717 2666 id

87 2689 234 2729 tempus
256 2688 367 2728 datis,
392 2697 488 2730 quae
511 2687 633 2721 editae
656 2689 745 2721 sunt
767 2688 807 2720 in
829 2688 955 2730 Epist.
979 2688 1058 2721 ΡΡ.
1082 2687 1238 2721 Broet...
1264 2688 1335 2727 161,
1353 2697 1448 2729 sqq„
1466 2687 1557 2720 etin
1572 2686 1718 2720 Lainii

88 2741 277 2778 Monum.y
301 2741 344 2781 V,
368 2742 442 2781 402,
466 2742 542 2774 4752
563 2741 649 2774 Ideo
672 2751 855 2774 summam
877 2743 1025 2775 tantum
1048 2742 1191 2774 damus.

164 3156 326 3185 Lm'rzRAn
347 3156 624 3191 QUADRIMESTRES.
645 3173 678 3177 —
697 3157 779 3187 Tou.
800 3156 868 3185 VII.
1617 3156 1651 3183 18
