2099 3516
379 263 450 299 ,0214
851 260 1055 296 LITTERAE
1082 258 1424 303 QUADmMESTREs

335 381 423 421 mal
459 381 626 427 estado‚
670 392 697 431 y
738 391 796 418 an
824 377 1075 423 confesado,
1119 388 1204 427 que
1246 375 1349 415 auia
1391 374 1576 414 muehos
1613 376 1722 412 afios
1763 383 1849 424 que
1891 383 1948 411 no

335 446 620 492 confesauan,
644 443 847 483 mouidas
866 454 947 493 por
965 441 1033 480 los
1054 451 1278 480 sermones
1302 451 1330 490 y
1359 438 1544 490 platinas
1568 438 1621 477 de
1641 438 1708 477 los
1728 438 1946 477 nuestros.

336 509 663 559 Restitueiones
692 520 738 547 se
767 508 857 546 han
877 506 1018 545 heeho
1038 505 1248 556 algunas;
1281 515 1367 543 vna
1397 514 1481 542 vvo
1510 510 1528 528 ἢ
1557 502 1610 542 (16
1633 502 1712 541 300
1730 500 1947 548 ducad0s;

336 575 432 613 otro
475 572 669 624 perdon6
700 572 775 610 140
803 570 1012 610 ducados.
1045 568 1291 618 Exereieios
1333 579 1379 606 se
1422 567 1511 606 han
1540 566 1654 606 dado
1683 577 1708 605 a
1737 565 1948 616 algunos3

337 650 365 689 y
393 638 581 688 algunos
611 635 909 676 enemistados
938 646 984 674 se
1012 634 1103 673 han
1146 631 1454 682 reconsiliado.
1501 630 1675 682 [Preces
1718 627 1950 681 postulat]

446 702 508 741 De
537 701 742 742 Granada
770 713 798 751 y
827 700 880 739 de
910 699 1036 739 Abril
1064 699 1130 739 0229.

445 766 507 805 De
535 766 586 805 V.
620 765 667 804 P.
700 764 793 815 hijo
822 763 1007 815 indigno
1036 775 1091 803 en
1125 763 1165 802 el
1198 762 1240 802 S.

1457 856 1486 906 η’·
1515 854 1735 894 NAUARRO
1764 853 1793 903 ἦ·
1822 854 1849 893 1.

447 974 533 1012 Por
561 971 846 1012 commission
876 971 946 1010 del
976 971 1024 1010 P.
1057 971 1148 1010 l).0¹'
1178 970 1323 1019 Plaea,
1357 968 1450 1007 viee
1480 965 1725 1018 provincial
1753 966 1783 1004 ².

448 1039 601 1089 Siqilli
629 1039 880 1088 vestigium.

1099 1291 1210 1341 505

827 1440 989 1465 HISPALI
1014 1429 1060 1464 039
1086 1438 1247 1464 APles
1272 1427 1320 1473 (⁹3)
1347 1426 1434 1462 1561
1470 1426 1494 1462 3.

344 1568 431 1603 1-2.
462 1563 693 1603 Sociorum
721 1573 952 1601 numerus.
987 1560 1238 1609 Disciplina
1281 1558 1533 1597 domestica.
1565 1578 1614 1583 —
1655 1559 1696 1594 3.
1730 1554 1963 1593 Contiones

454 1628 671 1674 Patrem,-
699 1628 898 1676 fratrum
927 1625 1165 1664 catecheses
1177 1638 1190 1671 ;
1219 1635 1448 1663 carcerum
1477 1622 1769 1660 visitationes,
1793 1618 1966 1669 Copiosi

454 1694 629 1743 fructus
658 1692 760 1730 inde
789 1691 970 1730 collecti.
1003 1713 1052 1716 —
1081 1694 1125 1728 4.
1161 1689 1435 1727 Clericorum
1458 1687 1723 1737 pacensium
1754 1694 1966 1722 accursus

456 1758 686 1807 Hispalim
707 1757 765 1795 acl
785 1756 996 1795 exercitia
1025 1754 1303 1805 spiritualia.
1329 1775 1370 1778 —
1399 1756 1440 1790 5.
1468 1751 1632 1798 Quibus
1661 1750 1795 1789 etiam
1817 1760 1968 1798 opera—

458 1824 532 1862 tur
571 1822 754 1871 quidam
778 1821 1084 1871 philosophiae
1119 1819 1347 1868 magister.
1381 1839 1430 1843 —
1478 1820 1568 1854 6-7.
1608 1814 1854 1853 Mandante
1898 1824 1969 1851 ar-

456 1888 716 1937 chiepiscopi
745 1887 926 1932 vicario,
950 1885 1098 1923 clerici
1119 1883 1330 1922 nonnulli
1354 1882 1534 1932 peccata
1555 1880 1673 1930 apud
1692 1879 1871 1917 nostros
1902 1877 1969 1915 cle-

452 1953 641 2002 ponunt,
678 1953 809 1990 ceteri
850 1963 902 1989 ex
949 1950 1055 1989 urbe
1101 1948 1429 1987 hortationibus
1471 1947 1510 1985 et
1544 1944 1791 1984 moralibus
1838 1942 1970 1981 colla-

461 2018 654 2056 tionibus
690 2017 870 2056 assidue
913 2015 1152 2054 intersunt.
1186 2036 1235 2040 -—
1265 2017 1307 2051 8.
1338 2014 1530 2052 Ducissa
1559 2011 1608 2048 cle
1642 2010 1775 2058 Bejar
1808 2008 1971 2057 confes-

459 2085 635 2122 sarium
674 2095 694 2120 e
727 2083 898 2121 nostris
927 2081 1011 2119 sibi
1039 2091 1231 2128 suaeque
1260 2078 1463 2128 familiae
1491 2075 1715 2114 instanter
1743 2072 1968 2124 procurat.

460 2170 509 2174 —
540 2152 657 2186 9-10.
692 2147 814 2187 Cives
834 2147 1109 2196 hispalenses
1137 2145 1247 2194 filiis
1278 2143 1431 2181 timent
1463 2154 1488 2180 a
1507 2140 1728 2191 perversis
1757 2138 1973 2176 doctrinis

460 2214 718 2262 scholasque
746 2213 1006 2251 nostrorum
1038 2210 1246 2249 ardenter
1275 2207 1496 2258 expetunt.
1524 2206 1723 2254 Itemque
1750 2202 1970 2253 qaditani.

462 2300 511 2305 —
540 2282 603 2316 11.
634 2278 838 2316 Andreas
873 2276 1025 2323 Gasco,
1057 2273 1315 2323 inquisitor,
1348 2272 1440 2310 dies
1466 2270 1699 2309 continuos
1729 2267 1847 2318 apud
1876 2278 1974 2304 nos-

418 2457 437 2476 a
470 2448 635 2480 Videtur
663 2447 812 2479 emend.
837 2455 884 2478 ειν
906 2455 986 2477 ονο.

422 2611 431 2628 ¹
455 2608 547 2640 Vide
569 2607 664 2640 Litt.
693 2606 911 2645 Quadrim„
938 2605 997 2644 VI,
1021 2605 1093 2636 295.

421 2665 433 2682 2²
456 2661 526 2701 Qui
549 2661 662 2693 etiam
685 2659 830 2701 collegii
854 2660 972 2690 rector
993 2659 1083 2690 erat.

422 2718 434 2734 ³
456 2715 508 2747 Ex
531 2723 655 2756 apogr.
671 2721 804 2745 coaevo
817 2712 856 2744 in
879 2712 957 2743 cod.
973 2710 1085 2752 Hisp.
1100 2710 1182 2745 102,
1197 2708 1232 2741 ff.
1247 2709 1298 2747 85,
1313 2708 1370 2747 863
1396 2707 1500 2748 prius
1515 2706 1587 2744 373,
1601 2705 1673 2736 374.
1692 2703 1755 2735 Est
1771 2701 1978 2742 exemplum

360 2769 521 2800 latinum
544 2768 583 2799 in
607 2767 685 2799 eod.
709 2766 822 2807 Hisp.
847 2766 906 2801 98,
932 2764 967 2796 ff.
994 2765 1064 2803 156,
1090 2764 1160 2795 157.
1193 2761 1407 2802 Exemplum
1440 2760 1652 2800 hispanum,
1690 2756 1788 2798 quod
1822 2755 1977 2793 edimus,

362 2821 636 2862 subscriptione
659 2821 695 2852 et
717 2818 894 2860 temporis
917 2817 1109 2850 notatione
1132 2817 1243 2848 caret.
1268 2814 1310 2846 In
1332 2813 1392 2846 fol.
1409 2814 1450 2845 85
1465 2811 1647 2853 posterior
1662 2818 1794 2842 manus
1811 2807 1977 2848 scripsit:

365 2887 381 2904 «
398 2875 441 2907 Di
465 2873 625 2914 Siuiglia
647 2873 778 2904 l’anno
802 2872 892 2910 1558,
918 2880 938 2903 o
962 2877 1095 2911 seq,te»
1121 2869 1165 2901 Et
1188 2869 1227 2900 in
1249 2868 1273 2900 f.
1297 2868 1338 2899 86
1370 2876 1404 2899 V.
1440 2865 1514 2897 alia
1547 2872 1696 2896 manus:
1731 2874 1747 2890 «
1763 2860 1867 2902 Degli
1890 2859 1980 2892 anni

364 2928 443 2960 1557
466 2927 541 2959 fino
565 2927 625 2959 all⁷
640 2935 738 2958 anno
762 2925 842 2957 1564
857 2937 887 2956 ».
912 2924 955 2956 Et
979 2924 1076 2955 inter
1098 2922 1207 2963 epist.
1232 2921 1321 2953 anni
1347 2920 1426 2952 1564
1448 2918 1666 2951 collocatum
1682 2917 1750 2948 est.
1767 2913 1981 2955 Exemplum

366 2990 452 3013 vero
474 2980 633 3013 latinum
657 2980 710 3011 ita
732 2978 832 3010 finit:
860 2990 875 3006 «
891 2976 1038 3018 Hispali
1062 2976 1081 3008 3
1104 2975 1289 3007 Kalendas
1312 2973 1430 3005 maias
1454 2972 1545 3004 1561.
1569 2970 1612 3002 R.
1631 2969 1669 3002 P.
1687 2967 1866 3008 Gonoalez
1882 2975 1982 2998 man-

367 3035 465 3073 dato,
490 3035 579 3066 tuus
602 3033 641 3065 in
666 3033 755 3064 Dfio.
781 3040 913 3064 seruus
935 3031 959 3070 †
982 3029 1163 3061 Martinus
1187 3026 1403 3060 Hernandez
1426 3038 1456 3058 ».
1482 3023 1533 3057 Cf.
1558 3023 1670 3056 etiam
1693 3021 1801 3063 epist.
1825 3019 1898 3052 493.
