2099 3516
546 244 626 280 513.
655 264 697 269 —
725 243 945 279 MoNAcfflo
974 243 991 278 1
1020 243 1119 279 MAn
1148 243 1235 279 1561
1587 245 1656 281 *255

71 361 205 401 bitur.
250 361 414 401 Dicunt
451 361 649 412 quinque
684 361 826 400 millia
854 361 1121 401 florenorum
1154 361 1440 401 rhenensium
1472 361 1518 401 in
1554 362 1703 401 aedifi-

70 426 187 466 cium
232 426 316 465 hoc
358 426 601 476 insumpta,
638 439 726 478 quo
769 426 912 477 magis
955 428 1044 465 tam
1091 426 1162 477 pio
1191 428 1232 466 et
1263 427 1482 473 beneuolo
1511 426 1702 477 principi

70 491 255 541 obligati
295 503 465 530 sumus.
512 491 597 531 Sed
627 494 804 531 transeo
833 491 887 530 ad
918 503 968 530 ea
999 493 1253 531 nostrorum
1283 491 1506 538 exercitia,
1538 491 1703 543 quibus

70 556 179 595 foris
208 556 255 594 in
284 556 587 606 proximorum
618 557 780 596 uacant
809 555 1042 595 auxilium.

149 620 187 659 5.
221 619 467 660 Conciones
498 620 544 659 in
574 622 728 660 nostro
758 620 921 671 templo
952 620 1190 660 dominicis
1220 623 1261 660 et
1292 621 1415 660 festis
1436 620 1595 660 diebus
1625 632 1703 672 pro

70 696 191 724 more
219 684 398 724 habitae
427 687 533 724 sunt
562 685 609 724 in
639 685 831 724 maxima
861 697 1033 736 semper
1061 686 1314 725 auditorum
1358 697 1536 732 corona,
1568 687 1610 725 et
1639 686 1704 725 in-

70 750 189 801 genti
219 761 318 789 cum
358 750 519 790 fructu.
554 750 603 789 [n
632 750 973 801 quadragesima
1003 762 1109 789 uero
1138 750 1449 801 quotidianum
1494 750 1578 790 fuit
1620 750 1703 790 hcc

68 814 361 854 concionandi
393 815 675 861 exercitium;
710 816 826 855 unde
858 828 1047 866 magnus
1078 816 1161 855 fuit
1191 828 1404 855 numerus
1441 828 1594 856 eorum
1624 816 1702 867 qui

69 879 361 919 concionibus
392 880 635 920 illuminati
657 883 699 920 et
719 881 848 920 corde
878 881 1148 931 compuncti.
1172 881 1362 921 confessi
1385 884 1490 921 sunt
1510 882 1699 929 nostris3

69 947 109 984 et
140 944 306 984 relictis
335 945 641 997 abiuratisque
671 946 946 993 haeresibus,
978 946 1150 997 corpori
1182 949 1361 986 sanctae
1387 947 1607 986 Ecclesiae
1637 947 1703 986 in-

68 1010 188 1056 serti,
221 1012 261 1049 et
292 1022 368 1060 per
399 1013 649 1050 nostrorum
681 1011 978 1050 ministerium
1009 1013 1113 1050 sunt
1135 1011 1342 1051 restituti.
1367 1011 1470 1050 Dies
1491 1014 1605 1051 certe
1626 1011 1703 1052 uix

68 1075 190 1114 ullus
234 1076 323 1114 toto
368 1075 735 1126 quadragesimae
778 1078 972 1126 tempore
1016 1076 1114 1118 fuit.
1146 1088 1234 1127 quo
1264 1088 1353 1115 non
1385 1076 1565 1127 plurimi
1595 1089 1701 1116 con-

69 1139 277 1179 fessionis
307 1140 450 1190 gratia
480 1141 535 1179 ad
565 1152 648 1180 nos
677 1141 957 1188 accesserint,
989 1143 1032 1180 et
1061 1143 1184 1181 tanto
1214 1141 1404 1181 subinde
1434 1154 1632 1192 nurnero,
1655 1144 1703 1182 ut

68 1206 156 1243 tres
185 1215 237 1243 ex
267 1204 587 1251 sacerdotibus,
611 1205 687 1255 qui
709 1205 793 1244 soli
824 1205 939 1245 inter
968 1208 1145 1245 nostros
1165 1206 1362 1257 linguam
1387 1206 1502 1245 hanc
1522 1206 1700 1255 callent,

68 1268 250 1308 minime
279 1269 480 1309 omnium
510 1270 737 1320 potuerint
766 1270 885 1310 uotis
915 1270 1183 1310 satisfacere.
1217 1270 1301 1320 Qui
1323 1272 1379 1310 ab
1400 1271 1572 1310 haeresi
1602 1283 1703 1310 con-

67 1333 201 1381 uersi,
233 1336 275 1373 et
307 1346 380 1385 per
410 1336 587 1374 nostros
617 1335 839 1374 Ecclesiae
868 1338 974 1375 sunt
1006 1335 1295 1383 reconciliati,
1327 1336 1380 1374 20
1408 1336 1510 1387 plus
1552 1336 1702 1376 minus

67 1410 163 1438 esse
194 1400 421 1449 putantur.
455 1399 582 1438 Multi
612 1399 687 1450 alij
721 1400 912 1450 peccatis
941 1402 984 1439 et
1013 1400 1217 1440 luxuriae
1246 1402 1287 1440 et
1317 1413 1479 1440 usurae
1508 1401 1700 1449 liberati,

68 1463 144 1514 alij
178 1463 425 1503 simoniaca
454 1464 554 1503 labe
598 1465 798 1516 purgati;
845 1465 920 1516 alij
962 1465 1065 1516 alijs
1107 1466 1336 1517 beneficijs
1365 1466 1526 1506 affecti.
1559 1465 1702 1517 Supra

68 1528 188 1568 mille
218 1540 308 1568 non
338 1529 494 1568 dubito
524 1529 691 1569 nostris
722 1530 946 1581 praedicto
977 1532 1172 1582 tempore
1206 1531 1449 1575 confessos.
1480 1533 1523 1571 et
1554 1531 1702 1582 plures

66 1593 257 1632 fuissent
286 1594 406 1633 haud
437 1594 571 1633 dubie
600 1594 808 1641 confessi,
841 1595 879 1634 si
910 1595 1160 1635 sacerdotes
1190 1596 1380 1641 fuissent
1411 1596 1575 1647 plures.
1613 1596 1701 1636 Ha-

66 1659 228 1698 bentur
256 1670 280 1697 a
312 1659 478 1698 nostris
522 1661 694 1710 praeter
736 1660 987 1700 ordinarias
1031 1661 1074 1700 in
1120 1661 1285 1712 templo
1315 1663 1482 1709 nostro,
1515 1663 1555 1701 et
1586 1661 1701 1701 aliae

66 1723 442 1762 extraordinariae
471 1731 490 1749 a
519 1724 770 1771 conciones,
804 1736 934 1775 saepe
981 1725 1161 1776 quidem
1203 1737 1351 1765 coram
1395 1726 1534 1766 illust.
1583 1726 1702 1777 prin-

64 1788 175 1839 cipe,
206 1799 298 1827 non
327 1800 427 1828 raro
456 1789 590 1828 etiam
620 1789 667 1828 in
697 1789 824 1841 pagis
854 1790 1164 1831 uicinioribus.
1194 1791 1327 1831 Fiunt
1347 1793 1390 1830 et
1410 1791 1611 1842 priuatae
1631 1803 1701 1830 ex-

65 1853 341 1893 hortationes
370 1854 489 1905 apud
519 1856 723 1905 aegrotos
753 1855 798 1894 in
829 1856 1121 1907 xenodochijs
1150 1869 1250 1897 cum
1281 1869 1442 1908 magna
1472 1869 1624 1896 eorum
1654 1857 1701 1896 in

66 1918 257 1957 Domino
286 1918 607 1959 consolatione.
641 1919 845 1960 Vinculis
875 1921 1076 1961 detentos
1107 1921 1282 1961 uisendi
1312 1922 1452 1961 libera
1473 1922 1603 1961 nobis
1625 1934 1700 1973 po-

66 1984 202 2023 testas
232 1983 420 2023 necdum
451 1984 566 2023 facta
595 1986 676 2029 est,
709 1985 786 2024 sed
815 1986 1124 2036 superioribus
1166 1987 1325 2027 diebus
1364 1987 1591 2037 pollicitus
1634 1989 1700 2027 est

66 2048 228 2087 illustr.
270 2048 490 2100 princeps,
523 2061 570 2088 se
600 2050 779 2100 publico
809 2050 1052 2102 diplomate
1081 2064 1177 2091 eam
1207 2052 1338 2092 nobis
1368 2052 1600 2093 facturum.
1632 2053 1702 2092 In-

65 2113 217 2152 firmos
259 2113 372 2153 alios
415 2114 674 2165 praesertim
705 2115 752 2155 in
781 2117 989 2156 extremis
1036 2117 1304 2157 constitutos
1345 2130 1436 2157 non
1479 2118 1700 2169 grauatim

65 2178 280 2218 accedunt
309 2179 456 2219 uocati
486 2179 642 2227 nostri,
675 2182 717 2220 et
746 2193 908 2233 magno
951 2194 1081 2233 saepe
1124 2195 1225 2223 curn
1268 2183 1429 2229 fructu,
1471 2185 1702 2234 propterea

65 2244 184 2294 quod
213 2244 368 2284 adesse
398 2244 588 2285 subinde
617 2246 848 2298 contingat
877 2259 967 2295 eos,
999 2248 1076 2299 qui
1107 2248 1154 2287 in
1183 2248 1268 2288 fide
1297 2249 1447 2288 minus
1476 2251 1582 2288 sunt
1610 2248 1700 2288 sin-

64 2308 167 2355 ceri,
199 2309 366 2360 quique
405 2310 537 2350 uanis
579 2311 819 2351 morientes
848 2312 1015 2352 lactant
1044 2313 1166 2353 verbi
1196 2314 1277 2353 Dei
1309 2314 1373 2365 (ut
1402 2314 1487 2365 ipsi
1518 2314 1700 2365 uocant)

64 2374 464 2421 consolationibus,
509 2375 682 2415 nullam
712 2376 889 2416 interim
933 2378 1232 2428 poenitentiae
1261 2381 1304 2419 et
1332 2379 1522 2419 aliorum
1553 2391 1700 2419 sacra-

64 2440 315 2478 mentorum
363 2440 622 2480 memoriam
670 2441 936 2493 ingerentes.
983 2443 1116 2483 Extra
1163 2444 1566 2496 quadragesimam,
1616 2444 1699 2484 etsi

64 2504 220 2552 rarior,
252 2516 343 2544 non
372 2505 631 2557 infrequens
661 2509 809 2547 tamen
839 2509 958 2559 apud
988 2521 1070 2549 nos
1099 2512 1168 2549 est
1196 2510 1502 2550 confitentium
1523 2512 1565 2550 et
1585 2522 1701 2550 com-

64 2569 393 2610 municantium
435 2582 665 2619 numerus,
712 2572 758 2612 in
802 2573 1136 2615 solennioribus
1170 2575 1430 2626 praesertim
1473 2575 1613 2624 festis,
1658 2576 1700 2615 et

65 2633 207 2673 maior
235 2634 282 2674 in
312 2635 423 2683 dies,
455 2634 634 2676 Christo
663 2637 809 2687 dante,
840 2638 936 2679 erit.

143 2699 182 2739 6.
215 2699 278 2739 De
307 2699 447 2740 illust.
479 2701 658 2752 quidem
690 2702 906 2755 principis
937 2705 1077 2744 nostri
1108 2717 1283 2745 summo
1312 2717 1417 2757 ergo
1446 2717 1529 2745 nos
1549 2705 1699 2745 studio

64 2764 180 2804 nihil
209 2765 283 2805 hic
312 2765 539 2806 uideretur
566 2767 820 2817 dicendum,
851 2781 952 2809 cum
982 2771 1162 2822 saepius
1191 2771 1305 2811 alias
1348 2771 1518 2823 prolixe
1564 2771 1699 2811 etiam

64 2829 148 2870 hac
176 2830 230 2870 de
260 2842 304 2870 re
333 2831 392 2870 sit
420 2831 659 2883 scriptum:
691 2845 742 2873 ea
771 2836 886 2874 certe
915 2837 981 2875 est
1009 2836 1167 2887 optimi
1196 2836 1413 2889 principis
1433 2848 1536 2888 erga
1556 2837 1699 2876 Deum

64 2894 236 2946 religio,
268 2907 318 2935 ea
348 2907 451 2947 erga
480 2899 680 2938 sanctam
710 2898 952 2940 Ecclesiam
981 2901 1284 2951 obseruantia,
1315 2914 1366 2942 ea
1395 2902 1573 2942 demum
1594 2913 1698 2953 erga

125 3038 145 3057 a
163 3029 247 3064 Del.
272 3030 470 3065 habentur.
