2099 3516
430 260 498 296 712
900 256 1104 293 er'rERAE
1138 255 1482 300 QUADmMEs'rREs

462 379 500 418 7.
534 379 622 417 Iam
655 376 709 416 ad
739 387 813 415 eos
843 374 975 415 uenio
1005 373 1169 425 quibus
1197 373 1244 412 in
1273 372 1410 412 animi
1448 372 1724 424 aegritudine
1752 374 1794 412 et
1832 384 1998 413 merore

386 443 541 495 positis
587 442 730 481 solent
778 441 929 479 Patres
975 437 1322 478 consolationem
1370 437 1592 477 adhibere.
1636 436 1812 477 Adsunt
1857 437 1997 476 nostri

385 507 541 559 majori
583 518 635 546 ex
678 507 815 556 parte,
846 503 979 543 etiam
1022 502 1189 554 pluries
1219 513 1294 553 per
1323 503 1495 541 noctem
1532 501 1691 550 uocati,
1722 501 1795 541 his
1823 501 1899 553 qui
1928 513 1998 541 ex—

383 574 569 612 tremum
600 570 717 610 uitae
759 569 875 608 diem
904 569 1066 618 agunt3
1098 579 1151 606 ex
1179 578 1267 618 qua
1310 577 1354 605 re
1389 566 1578 606 multum
1622 565 1915 606 edificationis
1943 565 1998 605 ad

384 646 537 675 omnes
565 636 653 674 tam
684 633 933 684 populares,
965 643 1098 681 quam
1128 630 1325 670 illustres
1354 629 1572 681 peruenit,
1603 630 1712 669 adeo
1743 631 1790 669 ut
1818 628 1999 681 quidam

385 700 628 739 monachus
656 697 828 737 ordinis
848 696 987 735 sancti
1010 695 1222 735 Bernardi
1244 697 1441 734 nostram
1461 705 1654 745 operam,
1676 705 1776 733 cum
1801 693 2000 733 animum

384 766 499 804 esset
526 763 828 809 exhalaturus,
862 761 1117 812 postularet.
1150 760 1330 799 Praetor
1362 759 1558 810 quidam,
1580 758 1657 810 qui
1687 758 1831 810 aegris
1859 757 2001 798 oculis

385 840 466 868 nos
495 827 711 878 inspicere
753 826 937 873 solebat,
969 824 1161 864 animam
1203 824 1295 876 jam
1337 835 1489 875 agens,
1520 823 1676 863 ascisci
1719 822 1821 862 fecit
1850 823 2001 862 Patres

386 895 574 940 nostros,
606 891 682 942 qui
721 893 814 930 tum
856 889 1068 940 temporis
1110 889 1195 928 sibi
1238 900 1365 940 opem
1409 888 1586 935 ferrent,
1617 888 1908 939 effectumque
1935 888 2002 927 est

385 957 540 997 diuina
569 956 866 1003 miseratione,
899 957 947 994 ut
983 954 1060 1006 qui
1103 954 1233 993 nobis
1274 954 1512 993 aduersum
1554 953 1745 992 habebat
1786 952 2000 1000 animum,

386 1022 447 1061 ita
477 1022 734 1067 mutaretur,
766 1021 815 1059 ut
844 1031 922 1059 nec
953 1018 1164 1069 temporis
1194 1019 1415 1057 momento
1435 1017 1532 1057 sine
1553 1017 1733 1056 Patrum
1754 1016 2003 1068 praesentia

386 1098 481 1126 6336
511 1087 753 1136 pateretur;
786 1086 917 1135 atque
946 1084 1007 1123 ita
1037 1084 1166 1123 Pater
1197 1085 1284 1122 tres
1313 1084 1463 1122 noctes
1488 1082 1683 1134 integras
1711 1093 1810 1121 cum
1840 1081 1918 1121 illo
1938 1080 2003 1120 in-

386 1162 563 1191 somnes
604 1150 757 1197 duxit;
803 1150 1009 1189 confesus
1051 1150 1145 1197 est3
1177 1150 1219 1187 et
1257 1150 1305 1187 ut
1338 1148 1667 1187 sacrosanctum
1710 1145 2004 1186 eucharistiae

387 1216 711 1255 sacramentum
741 1214 966 1265 reciperet,
997 1225 1097 1253 cum
1127 1212 1345 1252 intellexit
1382 1211 1476 1262 jam
1519 1211 1604 1250 sibi
1647 1210 1809 1257 afferri,
1841 1221 1864 1249 e
1892 1209 2004 1249 lecto

387 1291 573 1331 surgens
616 1279 873 1319 feruentiori
916 1278 1065 1318 animo
1094 1278 1141 1317 in
1170 1277 1324 1317 laudes
1359 1276 1429 1316 sui
1458 1275 1668 1316 creatoris
1696 1285 2002 1326 prorumpenS‚

387 1345 514 1385 illum
557 1344 761 1395 sumpsit.
794 1344 1039 1383 Aestuabat
1080 1353 1186 1381 sane
1230 1343 1378 1392 postea
1413 1340 1663 1380 uehementi
1692 1338 1925 1385 desiderio,
1957 1339 2005 1378 ut

388 1409 481 1460 ipse
510 1421 612 1460 sepe
640 1408 828 1458 dicebat,
852 1407 1038 1447 uocibus
1067 1407 1114 1446 in
1143 1406 1314 1446 coelum
1346 1404 1550 1452 sublatis,
1573 1416 1650 1455 per
1684 1403 1851 1443 medios
1881 1397 2004 1443 uicos

388 1476 519 1526 atque
548 1474 716 1525 plateas
746 1473 923 1513 ueniam
953 1473 1009 1512 ab
1038 1472 1109 1511 his
1142 1473 1298 1523 petere,
1329 1470 1493 1522 quibus
1527 1469 1599 1509 uel
1633 1468 1862 1508 minimam
1892 1467 2007 1519 111311-

389 1539 499 1578 riam
530 1539 761 1590 irrogarat.
794 1538 988 1577 Tandem
1020 1537 1134 1576 inter
1163 1537 1270 1575 haec
1300 1537 1430 1586 atque
1464 1535 1509 1574 id
1543 1533 1717 1586 generis
1747 1532 1841 1585 [sic]
1871 1532 2007 1572 uerba

389 1616 412 1643 e
441 1603 561 1643 uiuis
590 1603 799 1652 excessit3
845 1603 891 1642 in
936 1603 1064 1653 quus
1107 1601 1338 1641 funeribus
1381 1600 1510 1639 Pater
1551 1599 1710 1638 Rector
1750 1596 2007 1638 concionem

389 1668 559 1708 habuit.
593 1668 702 1719 Sepe
731 1667 950 1719 contingit
980 1669 1026 1706 ut
1057 1667 1208 1706 Patres
1238 1666 1321 1704 hoc
1365 1676 1544 1704 munere
1588 1664 1837 1715 fungentes,
1868 1661 2007 1701 homi-

390 1745 468 1773 nes
497 1744 731 1783 oppressos
773 1744 822 1772 ac
862 1743 971 1783 pene
1014 1732 1189 1771 euectos
1221 1738 1239 1756 a
1274 1730 1388 1768 fame
1432 1729 1665 1779 reperiant,
1696 1727 1860 1779 quibus
1902 1736 2008 1766 33116

390 1797 519 1837 datur
561 1809 708 1848 opera,
740 1799 787 1836 ut
830 1796 1012 1836 ditiores
1054 1795 1281 1846 suppetias
1319 1794 1474 1833 ferant.
1507 1792 1632 1843 Quod
1662 1792 1700 1832 si
1731 1803 1799 1831 res
1841 1802 2008 1830 moram

392 1873 481 1901 non
511 1862 691 1912 patitur,
722 1874 774 1901 ex
803 1861 1016 1901 tenuitate
1046 1862 1197 1900 nostra
1239 1859 1330 1898 illis
1373 1857 1688 1898 succurrimus.
1720 1856 1841 1906 Quae
1875 1855 2006 1903 fama,

391 1928 439 1966 ut
468 1927 659 1977 primum
702 1926 757 1965 ad
800 1926 912 1965 alios
954 1924 1212 1970 euolauerit,
1246 1936 1333 1963 non
1377 1922 1487 1963 satis
1521 1924 1770 1962 nostrorum
1802 1920 2008 1971 pietatem

391 1991 682 2031 admirantur.

468 2056 507 2095 8.
541 2056 799 2096 Incendium
841 2055 1063 2107 quoddam
1112 2055 1157 2094 in
1200 2055 1283 2093 hoc
1332 2053 1642 2093 uallisoletano
1690 2050 1708 2077 b
1742 2050 1904 2101 oppido
1948 2049 2009 2088 ita

391 2121 627 2160 excitatum
658 2122 737 2168 est,
770 2123 819 2160 ut
844 2132 978 2170 supra
997 2120 1076 2158 600
1095 2119 1250 2158 domos
1270 2118 1383 2157 intra
1406 2118 1594 2157 duorum
1616 2116 1786 2155 dierum
1816 2113 2009 2165 spatium

391 2186 680 2231 combureret,
704 2185 780 2225 ubi
801 2197 891 2224 non
922 2196 1059 2235 parua
1080 2185 1332 2223 nostrorum
1353 2181 1584 2233 diligentia
1607 2180 1770 2232 profuit
1795 2179 1841 2218 in
1869 2181 2010 2218 trans-

392 2250 584 2289 ferendis
604 2250 709 2289 hinc
729 2250 831 2289 inde
852 2250 983 2289 rebus
1008 2248 1318 2293 familiaribus,
1347 2246 1628 2293 utensilibus,
1660 2243 1958 2294 mercimoniis
1978 2249 2008 2290 ⁰,

391 2317 433 2354 et
462 2315 564 2366 alijs
593 2315 823 2354 domorum
853 2313 1257 2365 suppellectilibus;
1303 2312 1421 2363 quod
1464 2322 1627 2350 munus
1670 2321 1759 2349 non
1802 2307 2011 2348 omnibus

392 2380 770 2427 committebatur3
802 2381 895 2419 erat
923 2379 1041 2418 enim
1072 2380 1194 2417 tanta
1221 2376 1508 2428 perturbatio,
1532 2378 1580 2415 ut
1609 2374 1793 2414 euidens
1821 2374 1937 2412 esset
1955 2372 2011 2412 ad

392 2444 565 2483 infinita
601 2444 717 2483 furta
746 2444 894 2483 aditus
922 2442 940 2468 ¹¹
980 2443 1237 2493 patefactus,
1270 2443 1401 2492 atque
1431 2441 1539 2480 adeo
1569 2451 1659 2479 non
1688 2450 1844 2490 parum
1874 2449 1920 2477 36
1950 2436 2010 2476 fe-

393 2508 505 2548 cisse
536 2509 764 2559 putabant,
796 2508 974 2559 quando
995 2507 1188 2558 aliquem
1218 2518 1269 2545 ex
1300 2505 1465 2545 nostris
1493 2506 1535 2544 et
1565 2503 1755 2543 aliorum
1785 2501 2012 2553 religioso-

394 2585 490 2613 rum
521 2572 731 2612 fratribus
761 2572 1144 2617 nanciscebantur,
1167 2570 1331 2621 quibus
1351 2570 1508 2609 charas
1529 2580 1598 2608 res
1618 2567 1749 2607 fidere
1778 2567 1958 2618 possent
1977 2572 2009 2605 θ.

395 2637 632 2688 Suscepere
662 2637 801 2677 nostri
837 2636 1106 2687 prouintiam
1149 2635 1332 2674 sedandi
1377 2633 1711 2674 uoracissimam
1754 2631 1930 2685 tlamam
1959 2641 2012 2669 ex

395 2714 483 2742 una
513 2704 650 2753 parte,
682 2713 795 2753 quae
820 2702 912 2753 jam
943 2700 1397 2751 magnificentioribus
1427 2697 1639 2738 aedificiis
1660 2696 1928 2744 minabatur,
1950 2696 2013 2734 at-

396 2779 496 2817 que,
528 2767 702 2807 Christo
734 2766 938 2817 propitio,
970 2765 1316 2815 uoticompotes
1350 2764 1601 2803 euaserunt.
1639 2761 1825 2802 Multum
1855 2760 1902 2799 in
1932 2759 2013 2799 hac

398 2844 441 2871 re
472 2832 739 2871 insudarunt
769 2832 936 2878 Patres,
959 2830 1067 2869 adeo
1099 2831 1145 2868 ut
1175 2831 1350 2879 propter
1370 2828 1630 2868 diuturnum
1650 2826 2013 2874 constantemque

457 2988 475 3006 a
495 2979 562 3011 Sic
584 2978 617 3011 A
652 2980 687 3010 et
711 2978 754 3017 B,
789 2987 860 3019 pro
883 2977 1042 3009 enectos.
1079 2994 1118 2998 —
1142 2976 1159 3002 b
1180 2975 1425 3007 ualisoletano
1448 2974 1494 3007 A.
1529 2992 1569 2997 —
1592 2982 1608 3001 o
1627 2970 1882 3013 mercemoniJS
1903 2969 1949 3003 A.
1974 2988 2013 2993 —

397 3032 414 3059 d
436 3032 586 3064 additus
608 3031 654 3064 A.
690 3050 729 3053 —
750 3040 765 3058 e
788 3030 947 3072 possunt
977 3028 1022 3061 A.
