2099 3516
486 259 567 296 572.
594 280 638 285 -
668 259 854 295 BiLLomo
881 258 903 294 3
929 257 1186 293 SEPTEMssms
1215 256 1302 292 1561
1597 255 1664 291 591

87 379 322 427 commodi,
354 378 502 418 laudis
531 380 573 417 et
612 378 782 417 fructus
811 389 860 416 ex
892 375 1109 416 Societate
1143 374 1337 419 veniret;
1372 376 1415 412 vt
1447 374 1493 412 in
1523 373 1712 413 concilio

87 445 262 485 collatis
291 455 428 483 vnum
471 443 517 482 in
548 442 709 489 locum,
748 440 1075 493 perspectisque
1106 441 1191 478 tam
1238 438 1457 477 nobilium
1493 450 1627 488 quam
1657 437 1715 477 ci-

88 510 216 550 uiumv
242 508 549 559 Ecclesiaeque
580 508 805 558 presidum
834 505 1118 553 testimoniis,
1152 504 1265 543 nihil
1297 505 1414 542 vetet
1447 515 1535 554 quo
1567 503 1715 542 minus

89 575 135 614 in
164 574 309 615 Gallia
339 573 639 612 admittamur.
665 570 965 612 Clarmontani
992 569 1084 620 (qui
1116 569 1161 607 in
1191 581 1242 608 eo
1271 568 1585 608 existimantur
1606 567 1717 607 mul-

87 641 181 679 tum
211 639 373 687 habere
402 637 626 689 ponderis)
658 649 785 677 suam
814 635 943 675 etiam
969 634 1108 673 nostri
1131 634 1270 684 gratia
1303 645 1453 672 vocem
1483 632 1712 671 dederunt.

88 704 172 754 Qui
201 715 252 743 eo
282 715 364 743 nos
407 702 556 741 animo
586 704 629 741 et
657 701 806 742 studio
850 701 1182 750 prosequuntur
1213 699 1327 748 (licet
1373 700 1474 737 ante
1505 697 1596 737 illis
1626 709 1715 736 non

87 769 251 809 fuerint
281 767 451 807 inimici
482 767 612 806 nobis
641 766 954 818 capitaliores),
981 766 1023 803 vt
1044 776 1162 803 nunc
1192 764 1341 803 (licant
1370 770 1385 787 ³¹
1418 774 1464 802 se
1494 764 1715 802 erecturos

87 834 294 874 Societati
325 833 371 873 in
401 833 506 872 vrbe
536 845 616 872 sua
645 831 897 882 collegium,
947 842 999 869 ex
1029 829 1085 868 iis
1114 842 1199 880 que
1229 840 1471 880 pauperum
1520 828 1716 879 reliquae

88 899 231 938 forent
272 898 489 950 pecuniis,
521 910 606 949 que
652 897 787 936 multe
816 898 856 934 et
904 907 1060 946 magne
1099 896 1218 934 sunt.
1252 893 1433 933 Nobiles
1475 905 1572 932 cum
1625 892 1715 943 regi

87 976 166 1015 pro
196 963 326 1003 nobis
354 962 671 1013 supplicarent,
704 963 871 1000 tantam
903 960 1044 999 nostri
1075 960 1120 998 in
1153 959 1372 998 Aruernia
1410 958 1715 997 necessitatem

86 1028 282 1068 attestati
311 1030 431 1075 sunt,
465 1030 510 1067 vt
539 1027 626 1067 nisi
671 1038 746 1067 eos
775 1037 930 1065 omnes
960 1025 1091 1064 vellet
1127 1024 1359 1071 hereticos,
1398 1022 1414 1048 ¹¹
1446 1023 1622 1074 impios,
1655 1022 1718 1073 ig-

87 1106 220 1134 naros
249 1096 290 1134 et
320 1093 467 1141 rudes,
499 1093 761 1133 Societatem
791 1091 919 1130 illum
950 1091 1138 1141 probare
1168 1092 1206 1129 et
1244 1089 1378 1139 recipi
1410 1088 1562 1128 iubere
1591 1099 1718 1138 opor-

87 1161 210 1206 teret,
241 1170 340 1199 cum
385 1158 692 1205 concionibus,
724 1155 1127 1199 exhortationibus,
1160 1154 1442 1201 lectionibus,
1474 1152 1717 1193 confessio-

87 1225 235 1272 nibus,
269 1224 604 1263 visitationibus
646 1222 837 1272 aliisque
871 1221 954 1272 piis
983 1220 1194 1271 operibus
1229 1219 1540 1271 religiosorum
1570 1218 1717 1258 Socie-

86 1289 190 1329 tatis
220 1288 430 1328 Vniuersa
465 1287 681 1328 Aruernia
726 1287 772 1325 in
815 1286 962 1325 officio
1006 1284 1256 1336 relligionis
1294 1284 1588 1323 contineatur.
1636 1283 1718 1323 His

86 1354 296 1394 omnihus
325 1354 553 1405 suffragiis
583 1355 711 1398 facta,
740 1352 915 1402 opinor,
947 1362 1167 1402 propensa
1190 1350 1235 1389 in
1266 1362 1348 1389 nos
1379 1351 1518 1389 mater
1547 1349 1715 1400 regina,

88 1431 176 1467 rex,
208 1419 457 1459 cardinales
500 1419 698 1470 quinque
744 1429 900 1468 magne
944 1415 1231 1456 authoritatis
1262 1418 1290 1462 1,
1324 1415 1542 1466 multique
1571 1426 1624 1454 ex
1653 1426 1719 1454 se-

86 1487 195 1524 natu
240 1484 475 1536 parisiensi
506 1496 553 1523 se
599 1483 852 1534 praedicant
882 1490 896 1508 ⁰
927 1482 983 1521 ad
1012 1481 1265 1521 subsidium
1306 1480 1445 1519 nostri
1476 1479 1494 1505 d
1532 1479 1719 1531 paratis—

86 1550 238 1590 simos.
290 1550 409 1589 Haec
438 1551 589 1589 nostra
632 1548 829 1589 Societas
858 1560 947 1599 quo
993 1547 1136 1586 maius
1166 1548 1230 1586 est
1278 1546 1334 1585 ad
1365 1545 1641 1585 retinendam
1671 1545 1718 1585 in

86 1615 170 1655 fide
214 1617 257 1655 et
299 1615 462 1666 pietate
492 1615 682 1655 Galliam
715 1614 769 1665 (si
816 1613 1067 1664 recipiatur)
1102 1614 1375 1651 momentum
1405 1611 1628 1657 habitura,
1667 1623 1718 1650 eo

89 1680 255 1719 maiora
298 1680 365 1719 illi
395 1681 608 1719 sathanas
652 1679 785 1718 infert
836 1677 1146 1728 mpedimenta.
1185 1675 1325 1726 Quam
1357 1676 1559 1727 egregios
1592 1676 1718 1716 video

87 1745 284 1796 ingenio,
317 1747 359 1784 et
403 1745 604 1785 doctrina
648 1744 871 1794 exquisita
914 1743 1139 1794 praeditos
1182 1741 1381 1781 animum
1426 1741 1717 1780 adiuncturos

86 1809 416 1857 Societati³,--vbi
460 1810 583 1849 illam
613 1809 806 1849 viderint
849 1810 1017 1847 florere.
1065 1806 1179 1846 Noui
1223 1818 1304 1857 ego
1344 1806 1578 1857 plerosque
1621 1818 1717 1845 eam

85 1876 142 1915 ob
170 1875 533 1915 oausamsizfuisse
563 1887 588 1914 a
618 1877 768 1914 nostra
813 1874 1031 1914 Societate
1061 1872 1299 1912 alieniores
1339 1873 1490 1920 factos,
1522 1871 1642 1923 quod
1672 1871 1718 1910 in

85 1939 231 1981 Gallia
269 1939 525 1991 approbata·
558 1953 647 1980 non
677 1940 735 1979 sit
769 1948 799 1980 θ.
831 1939 1011 1978 Moriaci
1041 1938 1164 1978 ciues
1194 1937 1451 1976 bilhiomeis
1487 1949 1533 1976 se
1562 1937 1719 1976 adiun-

84 2007 260 2052 xerunt,
293 2006 339 2044 vt
381 2005 854 2055 niai01¹ibus{'.opibus
898 2015 951 2043 ex
982 2004 1064 2042 hac
1108 2002 1274 2052 illaque
1317 2003 1451 2052 parte,
1484 2000 1719 2041 Societatis

86 2070 265 2109 nomine
308 2070 427 2121 quod
471 2070 637 2109 dudum
666 2071 905 2120 optamus,
938 2068 1204 2107 obtinerent.
1253 2066 1351 2106 Non
1383 2066 1557 2106 videtur
1590 2066 1719 2105 aliter

85 2135 178 2174 fieri
226 2146 368 2186 posse,
401 2135 511 2186 quin
542 2134 606 2185 (T.
638 2134 877 2175 etian1·=R.a
908 2134 963 2172 ad
994 2133 1040 2172 id
1069 2132 1277 2183 precibus
1315 2131 1590 2182 suffragante
1620 2142 1718 2170 nos-

84 2200 253 2251 trisque
283 2200 493 2239 Patribus
522 2202 564 2239 et
594 2200 822 2248 fratribus)
854 2199 1026 2249 aliquid
1055 2198 1101 2237 in
1131 2197 1322 2237 concilio
1352 2199 1575 2236 statuatur
1605 2196 1719 2235 vnde

85 2265 182 2305 iure
224 2265 380 2305 laetari
410 2265 640 2316 Deumque
684 2265 834 2304 auimo
879 2264 1044 2303 maiore
1089 2263 1271 2302 laudare
1315 2263 1584 2310 debeamus3
1617 2261 1718 2301 licet

84 2332 232 2370 tamen
263 2331 406 2381 parati
437 2331 492 2370 ad
522 2343 699 2370 omnem
728 2332 939 2370 euentum
979 2329 1122 2368 simus
1151 2330 1181 2368 2.

165 2396 203 2435 2.
237 2396 482 2447 Episcopus
514 2395 769 2435 Mendarum
800 2397 830 2443 ³,
856 2394 1124 2434 moecenatis
1156 2393 1295 2433 nostri
1317 2393 1538 2432 demortui
1568 2393 1716 2441 frater,

85 2461 264 2511 scripsit
292 2461 347 2500 ad
370 2461 522 2500 Patres
543 2463 720 2500 nostros
741 2473 787 2500 se
818 2462 1071 2499 nostrorum
1103 2458 1242 2498 teneri
1274 2458 1522 2497 vehementi
1552 2458 1717 2505 studio,

85 2537 327 2577 eorumque
357 2538 623 2577 magnopere
652 2526 903 2566 desiderare
931 2524 1315 2571 consuetudinem,
1339 2523 1541 2574 duosque
1570 2525 1720 2574 postu·

85 2591 212 2633 lauit.
245 2592 322 2643 qui
352 2604 482 2632 suum
514 2592 690 2631 obirent
718 2592 1023 2642 episcopatum
1055 2592 1096 2629 et
1138 2588 1448 2635 concionibus,
1480 2588 1719 2628 confessio-

147 2729 166 2748 ἃ
187 2730 286 2753 nunc
310 2721 437 2754 dicant
460 2731 586 2763 snpra
610 2731 725 2757 vers„
741 2722 878 2754 deletis
892 2721 969 2753 sint
983 2720 1140 2761 polliciti
1154 2718 1211 2762 (⁶3).
1229 2737 1269 2741 —
1283 2719 1301 2745 b
1322 2719 1404 2750 Del.
1419 2719 1466 2751 et.
1485 2738 1524 2741 —
1543 2727 1558 2746 c
1578 2719 1717 2752 Praec.

84 2783 120 2807 v.
146 2775 307 2807 obscure
331 2778 556 2807 exaratum.
581 2794 621 2797 ——
644 2775 662 2801 d
683 2776 801 2807 nostri
826 2785 952 2817 snpra
979 2785 1078 2809 cers.
1097 2796 1136 2799 —
1161 2786 1176 2804 e
1197 2787 1258 2810 vv.
1283 2777 1447 2819 quod-sit
1472 2776 1514 2807 in
1533 2783 1662 2816 mat-9.
1680 2793 1719 2796 —

86 2828 100 2854 f
124 2827 207 2860 Del.
232 2837 288 2860 ex.

150 2948 160 2966 ¹
182 2947 276 2980 Vide
299 2957 359 2990 pp.
384 2948 535 2980 487-488.

147 3002 160 3020 ²
183 3000 275 3033 Vide
299 3010 333 3042 p.
357 3002 429 3037 488,
455 3002 583 3034 annot.
607 3002 638 3034 4.

148 3055 162 3074 ³
182 3053 358 3086 Nicolaus
382 3054 536 3096 Dangie.
562 3054 612 3087 Cf.
639 3055 783 3087 Lainii
806 3055 997 3093 Monam„
1023 3056 1082 3096 VI,
1107 3057 1158 3089 26.
