2099 3516
542 285 623 321 697.
650 307 694 310 -
720 285 883 321 MUTINA
910 286 932 321 4
959 284 1186 321 FEBRUARH
1214 284 1306 320 1562>
1627 281 1697 318 769

875 527 986 575 627

528 683 582 734 Ρ.
641 653 1067 734 ALoislus
1122 683 1330 733 ΝΑΡι

614 850 771 876 MUTINA
798 840 820 875 4
846 850 1068 876 FEBRUARH
1109 839 1199 875 1562
1226 839 1249 875 1.

115 985 153 1019 1.
184 979 345 1020 Scribit
375 990 488 1028 quae
512 990 594 1028 per
624 990 797 1016 annum
826 979 950 1027 qesta
979 979 1099 1016 sunt.
1132 977 1364 1016 Sociorum
1394 987 1613 1015 numerus
1643 987 1744 1015 auc-

225 1047 310 1085 tus.
346 1044 600 1084 Candidati.
625 1043 806 1082 Scholae
831 1042 1064 1082 Societatis
1087 1043 1416 1081 desiderantur.
1439 1063 1491 1067 ——
1512 1044 1553 1079 2.
1579 1040 1748 1091 Templi

218 1111 444 1162 perfectio.
476 1132 528 1136 —
558 1113 599 1148 3.
630 1109 946 1158 Eleemosynae
979 1109 1150 1147 nostris
1194 1108 1396 1146 collatae.
1428 1128 1479 1133 —-
1507 1110 1603 1145 4-8.
1638 1105 1747 1144 Con-

223 1188 383 1216 cursus
412 1175 470 1214 ad
499 1175 738 1213 contiones.
775 1173 1000 1220 Quaedam
1043 1174 1385 1212 conversionum
1414 1171 1628 1221 exempla.
1659 1171 1748 1210 Pia

223 1253 347 1280 mors
381 1240 618 1279 cuiusdam
643 1239 836 1288 puellae.
869 1261 918 1264 —
950 1241 991 1276 9.
1027 1238 1227 1285 Quatuor
1269 1236 1444 1276 hebraei
1486 1236 1748 1275 catholicam

223 1307 353 1356 fidem
374 1305 719 1355 amplectuntur.
741 1325 790 1329 —
807 1307 946 1341 10-11.
972 1303 1076 1341 Tres
1097 1304 1237 1352 capite
1257 1302 1462 1340 damnati
1484 1301 1541 1340 ad
1560 1301 1749 1340 mortem

224 1370 472 1421 tranquille
501 1369 794 1414 subeundam,
828 1381 928 1406 cum
963 1368 1212 1406 multorum
1248 1366 1553 1415 aedificatione
1577 1377 1749 1415 paran-

226 1437 315 1476 tur.
344 1436 438 1474 Alii
465 1446 608 1485 poena
632 1433 838 1484 precibus
868 1434 1027 1471 Patris
1056 1434 1243 1471 rectoris
1273 1432 1566 1470 condonatur.
1598 1452 1644 1457 -—
1677 1433 1748 1469 12.

224 1502 325 1541 Pax
353 1501 472 1540 inter
501 1500 738 1550 religiosos
766 1499 805 1537 et
827 1498 1037 1548 cognatos
1058 1498 1256 1547 firmata.
1290 1519 1336 1522 —
1363 1500 1511 1535 13-14.
1541 1517 1590 1522 —
1622 1496 1750 1534 Aliae

225 1566 480 1606 errantium
514 1564 841 1603 conversiones.
872 1584 921 1588 —
951 1566 1021 1600 15.
1051 1563 1139 1600 Pia
1183 1573 1305 1600 mors
1335 1561 1375 1599 et
1404 1561 1599 1610 eloyium
1628 1559 1749 1598 nobi-

227 1632 427 1671 lissimae
461 1631 696 1669 matronae
739 1629 915 1677 collegii
960 1627 1278 1677 benefactricis.
1311 1648 1363 1652 —-
1390 1629 1460 1664 16.
1492 1624 1637 1665 Solita
1666 1626 1749 1663 mi-

224 1697 416 1736 nisteria
459 1708 567 1745 crya
610 1695 816 1743 infirmos
860 1694 898 1732 et
934 1693 1198 1732 carceratos.
1232 1714 1273 1717 —
1310 1695 1384 1730 1¹7.
1416 1691 1623 1741 Insignis
1653 1691 1749 1729 tum

217 1775 470 1814 procerum,
504 1762 599 1801 tum
629 1761 763 1811 vulgo
794 1761 959 1798 civium
991 1759 1169 1807 affectus
1199 1770 1306 1808 erga
1336 1759 1492 1796 socios.
1517 1778 1567 1783 —
1595 1760 1666 1795 18.
1688 1756 1751 1795 De

223 1829 334 1878 festo
363 1828 403 1866 et
433 1826 806 1877 confraternitate
835 1826 1035 1863 nominis
1066 1825 1185 1863 Iesu.

201 1965 238 2004 1.
271 1965 300 2014 -ξ-
321 1963 428 2003 Yhs.
462 1963 554 2002 Pax
585 1961 687 2012 Xpi.
722 1960 904 2012 [Sci-ibet
924 1961 1049 2011 yestct
1065 1973 1146 2010 per
1168 1971 1354 2007 annum,
1377 1970 1467 1998 non
1482 1970 1631 2009 parva
1653 1959 1752 2008 qui-

119 2031 230 2079 dem,
261 2032 302 2069 si
332 2030 545 2069 adiuncta
568 2025 855 2078 pensantur]
887 2024 1198 2065 Cominchiaro
1224 2023 1429 2074 adonque
1458 2022 1750 2074 primamente

119 2094 236 2134 dalle
256 2106 356 2134 cose
386 2092 670 2133 domestiche.
697 2092 746 2130 In
777 2102 879 2130 casa
901 2090 1041 2129 siamo
1063 2089 1085 2128 7
1107 2089 1162 2128 da
1192 2090 1348 2139 questo
1376 2088 1543 2139 Agosto
1572 2088 1751 2138 passato

120 2159 167 2199 in
196 2171 285 2211 qua
315 2159 489 2210 (perche
525 2157 667 2208 prima
696 2168 787 2196 non
817 2166 1023 2195 eravamo
1053 2165 1099 2193 se
1134 2165 1224 2193 non
1253 2153 1309 2204 5):
1351 2152 1424 2192 doi
1455 2151 1688 2201 sacerdoti,
1727 2152 1752 2191 3

120 2224 401 2264 coadiuttori.
435 2224 504 2263 Ma
533 2222 655 2273 dipoi
691 2222 771 2261 ebe
801 2221 852 2260 V.
887 2221 937 2259 R.
972 2220 1018 2258 P.
1053 2230 1194 2258 venne
1225 2218 1270 2257 in
1302 2218 1483 2257 Ferrara
1513 2217 1581 2257 col
1610 2217 1753 2257 ill.m0

121 2289 288 2330 Card.l⁶·
309 2289 354 2329 di
385 2289 567 2329 Ferrara
587 2289 617 2336 2,
649 2288 827 2327 crebero
853 2286 925 2325 doi
948 2285 1156 2333 scholari,
1177 2283 1299 2334 quali
1321 2295 1485 2334 pareua
1506 2295 1532 2323 a
1551 2283 1602 2324 V.
1624 2283 1676 2323 R.
1701 2283 1750 2323 P.

121 2355 417 2406 imparassero
447 2353 524 2405 qui
554 2353 611 2393 da
641 2364 709 2392 me
740 2352 753 2391 i
787 2351 991 2403 principij
1033 2350 1148 2389 della
1179 2349 1483 2401 grammatica,
1514 2348 1638 2399 quali
1677 2360 1754 2399 per

121 2420 264 2472 gratia
297 2420 342 2459 di
372 2420 455 2459 Dio
498 2418 535 2458 si
565 2430 677 2458 sono
720 2417 838 2457 assai
869 2416 1046 2456 aiuttati
1091 2415 1137 2454 in
1167 2417 1352 2465 vtroque
1397 2413 1576 2453 bomine
1604 2424 1682 2465 per
1710 2412 1754 2452 la

121 2486 238 2525 bona
267 2497 374 2525 cura
393 2485 473 2525 che
493 2484 538 2524 di
560 2484 654 2524 loro
675 2482 714 2522 si
743 2483 766 2522 e
786 2483 924 2522 hauta
953 2484 993 2521 et
1015 2481 1052 2520 si
1082 2481 1213 2520 tiene.
1242 2470 1274 2518 Ε
1296 2479 1460 2518 intrato
1491 2490 1549 2518 vn
1579 2478 1753 2518 fratello

123 2551 356 2591 muradore
385 2550 503 2590 nella
525 2548 814 2600 Compagnia‚
846 2547 952 2598 qual
977 2546 1098 2597 dipoi
1129 2545 1173 2585 di
1197 2544 1320 2584 molti
1351 2544 1395 2583 di
1417 2544 1497 2584 che
1517 2543 1753 2595 perseuero

184 2759 194 2777 ¹
217 2758 270 2789 Ex
293 2758 438 2798 autogr.
464 2757 503 2788 in
527 2756 605 2788 cod.
639 2755 766 2787 Venet.
792 2754 874 2789 100,
900 2754 935 2786 ff.
954 2754 1075 2800 34-87:
1103 2753 1206 2794 prius
1222 2752 1370 2784 431—434.
1390 2750 1529 2783 Auctor
1552 2750 1674 2782 utitur
1689 2749 1755 2782 ali-

121 2811 260 2852 quibus
283 2810 406 2842 verbis
430 2819 495 2842 seu
518 2809 645 2841 formis
670 2807 1014 2849 grammaticalibus
1039 2805 1307 2847 singularibus,
1330 2805 1371 2836 ut
1393 2804 1580 2844 giovana,
1606 2803 1754 2835 cittano

122 2866 209 2903 οἵας
235 2864 299 2896 sed
323 2873 406 2896 cum
430 2863 592 2904 epistula
615 2862 665 2893 sit
700 2861 946 2902 autographa,
973 2860 1069 2892 clare
1104 2859 1254 2899 scripta,
1280 2858 1315 2890 et
1339 2858 1469 2889 auctor
1503 2857 1629 2895 italus,
1655 2855 1755 2888 colli-

122 2927 207 2959 gere
231 2926 430 2959 possumus
454 2917 589 2948 formas
614 2915 697 2947 illas
721 2915 884 2946 usitatas
908 2923 989 2946 esse
1013 2914 1101 2945 tunc
1126 2912 1302 2953 temporis
1328 2911 1365 2942 in
1390 2910 1454 2942 illa
1477 2910 1641 2951 regione.

184 2974 196 2990 2
220 2971 256 3004 P.
285 2971 416 3003 Lainez
440 2971 479 3002 in
504 2970 638 3001 itinere
661 2968 806 3009 gallico.
832 2968 982 3009 quando
1006 2966 1104 2998 card.
1124 2965 1394 2997 Ferrariensem
1412 2964 1611 2996 comitatus
1628 2963 1684 2995 est
1708 2962 1754 2994 ad

123 3024 349 3065 colloquium
383 3023 423 3055 in
453 3022 588 3064 oppido
619 3021 760 3061 Poissy.
800 3020 1004 3053 Ferrariam
1039 3018 1268 3060 pertransiit.
1304 3017 1356 3050 Cf.
1396 3016 1540 3048 Lainii
1579 3015 1754 3048 Monuni.

124 3078 167 3117 V,
191 3078 265 3117 636,
290 3078 362 3109 638.

197 3166 356 3195 LITTERAE
383 3166 659 3200 QUADmiOEsrREs.
681 3180 713 3183 —
734 3164 813 3191 Tou.
835 3163 891 3190 VII
1650 3160 1685 3188 49
