<?xml version="1.0" encoding="UTF-8"?>
<!DOCTYPE html PUBLIC "-//W3C//DTD XHTML 1.0 Transitional//EN"
    "http://www.w3.org/TR/xhtml1/DTD/xhtml1-transitional.dtd">
<html xmlns="http://www.w3.org/1999/xhtml" xml:lang="en" lang="en">
 <head>
  <title>
</title>
<meta http-equiv="Content-Type" content="text/html;charset=utf-8" />
  <meta name='ocr-system' content='tesseract 3.04.00' />
  <meta name='ocr-capabilities' content='ocr_page ocr_carea ocr_par ocr_line ocrx_word'/>
</head>
<body>
  <div class='ocr_page' id='page_1' title='image "./litteraequadrime19lain_0637.png"; bbox 0 0 2099 3516; ppageno 0'>
   <div class='ocr_carea' id='block_1_1' title="bbox 475 268 1650 310">
    <p class='ocr_par' dir='ltr' id='par_1_1' title="bbox 475 268 1650 310">
     <span class='ocr_line' id='line_1_1' title="bbox 475 268 1650 310; baseline -0.006 0"><span class='ocrx_word' id='word_1_1' title='bbox 475 274 556 310; x_wconf 75' lang='grc'><strong>594.</strong></span> <span class='ocrx_word' id='word_1_2' title='bbox 600 295 629 298; x_wconf 96' lang='grc'><strong>-</strong></span> <span class='ocrx_word' id='word_1_3' title='bbox 658 273 839 310; x_wconf 82' lang='lat' dir='ltr'>COLONIA</span> <span class='ocrx_word' id='word_1_4' title='bbox 866 270 909 307; x_wconf 85' lang='lat'><em>31</em></span> <span class='ocrx_word' id='word_1_5' title='bbox 938 270 1172 306; x_wconf 76' lang='lat' dir='ltr'><em>DECEMBms</em></span> <span class='ocrx_word' id='word_1_6' title='bbox 1201 270 1288 306; x_wconf 82' lang='lat'>1561</span> <span class='ocrx_word' id='word_1_7' title='bbox 1584 268 1650 304; x_wconf 82' lang='lat'><em>611</em></span> 
     </span>
    </p>
   </div>
   <div class='ocr_carea' id='block_1_2' title="bbox 482 501 1285 694">
    <p class='ocr_par' dir='ltr' id='par_1_2' title="bbox 482 501 1285 694">
     <span class='ocr_line' id='line_1_2' title="bbox 830 501 942 551; baseline -0.009 0"><span class='ocrx_word' id='word_1_8' title='bbox 830 501 942 551; x_wconf 83' lang='lat'><em>593</em></span> 
     </span>
     <span class='ocr_line' id='line_1_3' title="bbox 482 633 1285 694; baseline -0.006 0"><span class='ocrx_word' id='word_1_9' title='bbox 482 644 535 694; x_wconf 89' lang='grc' dir='ltr'><em>Ρ.</em></span> <span class='ocrx_word' id='word_1_10' title='bbox 596 633 926 694; x_wconf 71' lang='lat' dir='ltr'>RAPHAEL</span> <span class='ocrx_word' id='word_1_11' title='bbox 1000 640 1285 692; x_wconf 83' lang='lat' dir='ltr'>PELEGRI</span> 
     </span>
    </p>
   </div>
   <div class='ocr_carea' id='block_1_3' title="bbox 556 779 1216 818">
    <p class='ocr_par' dir='ltr' id='par_1_3' title="bbox 556 779 1216 818">
     <span class='ocr_line' id='line_1_4' title="bbox 556 779 1216 818; baseline -0.005 0"><span class='ocrx_word' id='word_1_12' title='bbox 556 792 713 818; x_wconf 72' lang='lat' dir='ltr'><strong>MURclA</strong></span> <span class='ocrx_word' id='word_1_13' title='bbox 738 781 785 817; x_wconf 88' lang='lat'><em>30</em></span> <span class='ocrx_word' id='word_1_14' title='bbox 811 790 1037 817; x_wconf 76' lang='lat' dir='ltr'>DECEMBRIS</span> <span class='ocrx_word' id='word_1_15' title='bbox 1064 779 1165 815; x_wconf 83' lang='lat'>1561.</span> <span class='ocrx_word' id='word_1_16' title='bbox 1192 779 1216 815; x_wconf 75' lang='lat'><em>1.</em></span> 
     </span>
    </p>
   </div>
   <div class='ocr_carea' id='block_1_4' title="bbox 72 898 1704 1345">
    <p class='ocr_par' dir='ltr' id='par_1_4' title="bbox 72 898 1704 1345">
     <span class='ocr_line' id='line_1_5' title="bbox 72 898 1700 954; baseline -0.005 -10"><span class='ocrx_word' id='word_1_17' title='bbox 72 907 180 945; x_wconf 87' lang='lat' dir='ltr'><em>Bini</em></span> <span class='ocrx_word' id='word_1_18' title='bbox 208 919 229 944; x_wconf 89' lang='lat' dir='ltr'><em>e</em></span> <span class='ocrx_word' id='word_1_19' title='bbox 266 905 449 954; x_wconf 65' lang='lat' dir='ltr'><em>collegio</em></span> <span class='ocrx_word' id='word_1_20' title='bbox 478 903 728 941; x_wconf 78' lang='lat' dir='ltr'><em>sacerdotes</em></span> <span class='ocrx_word' id='word_1_21' title='bbox 754 915 834 952; x_wconf 85' lang='lat' dir='ltr'><em>per</em></span> <span class='ocrx_word' id='word_1_22' title='bbox 864 902 1097 940; x_wconf 78' lang='lat' dir='ltr'><em>de‘oecesim</em></span> <span class='ocrx_word' id='word_1_23' title='bbox 1118 900 1365 950; x_wconf 78' lang='lat' dir='ltr'><em>oppidatim</em></span> <span class='ocrx_word' id='word_1_24' title='bbox 1386 898 1700 944; x_wconf 86' lang='lat' dir='ltr'><em>contionando,</em></span> 
     </span>
     <span class='ocr_line' id='line_1_6' title="bbox 178 964 1703 1017; baseline -0.005 -8"><span class='ocrx_word' id='word_1_25' title='bbox 178 969 500 1015; x_wconf 69' lang='lat' dir='ltr'><em>catechizando,</em></span> <span class='ocrx_word' id='word_1_26' title='bbox 523 969 821 1017; x_wconf 86' lang='lat' dir='ltr'><em>consessiones</em></span> <span class='ocrx_word' id='word_1_27' title='bbox 852 967 1087 1015; x_wconf 81' lang='lat' dir='ltr'><em>audiendo,</em></span> <span class='ocrx_word' id='word_1_28' title='bbox 1110 977 1273 1015; x_wconf 67' lang='lat' dir='ltr'><em>magno</em></span> <span class='ocrx_word' id='word_1_29' title='bbox 1304 977 1403 1003; x_wconf 91' lang='lat' dir='ltr'><em>cum</em></span> <span class='ocrx_word' id='word_1_30' title='bbox 1433 964 1585 1013; x_wconf 85' lang='lat' dir='ltr'><em>fructu</em></span> <span class='ocrx_word' id='word_1_31' title='bbox 1615 964 1703 1002; x_wconf 87' lang='lat' dir='ltr'><em>dis-</em></span> 
     </span>
     <span class='ocr_line' id='line_1_7' title="bbox 178 1029 1704 1081; baseline -0.005 -7"><span class='ocrx_word' id='word_1_32' title='bbox 178 1035 383 1074; x_wconf 84' lang='lat' dir='ltr'><em>currunt.</em></span> <span class='ocrx_word' id='word_1_33' title='bbox 425 1056 489 1066; x_wconf 86' lang='lat'><em>—-</em></span> <span class='ocrx_word' id='word_1_34' title='bbox 518 1034 575 1072; x_wconf 86' lang='lat' dir='ltr'><em>In</em></span> <span class='ocrx_word' id='word_1_35' title='bbox 618 1033 724 1071; x_wconf 87' lang='lat' dir='ltr'><em>urbe</em></span> <span class='ocrx_word' id='word_1_36' title='bbox 767 1033 977 1071; x_wconf 88' lang='lat' dir='ltr'><em>consueta</em></span> <span class='ocrx_word' id='word_1_37' title='bbox 1022 1043 1129 1081; x_wconf 65' lang='lat' dir='ltr'><em>erga</em></span> <span class='ocrx_word' id='word_1_38' title='bbox 1171 1031 1402 1080; x_wconf 67' lang='lat' dir='ltr'><em>promimos</em></span> <span class='ocrx_word' id='word_1_39' title='bbox 1444 1029 1704 1068; x_wconf 83' lang='lat' dir='ltr'><em>ministeria</em></span> 
     </span>
     <span class='ocr_line' id='line_1_8' title="bbox 178 1094 1704 1146; baseline -0.005 -7"><span class='ocrx_word' id='word_1_40' title='bbox 178 1100 454 1139; x_wconf 74' lang='lat' dir='ltr'><em>exercentur.</em></span> <span class='ocrx_word' id='word_1_41' title='bbox 487 1121 526 1125; x_wconf 95' lang='lat'><em>-</em></span> <span class='ocrx_word' id='word_1_42' title='bbox 568 1097 830 1137; x_wconf 78' lang='lat' dir='ltr'><em>Scholastici</em></span> <span class='ocrx_word' id='word_1_43' title='bbox 872 1099 921 1136; x_wconf 84' lang='lat' dir='ltr'><em>in</em></span> <span class='ocrx_word' id='word_1_44' title='bbox 954 1097 1117 1136; x_wconf 84' lang='lat' dir='ltr'><em>litteris</em></span> <span class='ocrx_word' id='word_1_45' title='bbox 1158 1095 1412 1146; x_wconf 78' lang='lat' dir='ltr'><em>proficiunt.</em></span> <span class='ocrx_word' id='word_1_46' title='bbox 1447 1094 1599 1133; x_wconf 78' lang='lat' dir='ltr'><em>Oratio</em></span> <span class='ocrx_word' id='word_1_47' title='bbox 1628 1094 1704 1133; x_wconf 82' lang='lat' dir='ltr'><em>ha-</em></span> 
     </span>
     <span class='ocr_line' id='line_1_9' title="bbox 177 1160 1698 1210; baseline -0.004 -6"><span class='ocrx_word' id='word_1_48' title='bbox 177 1166 267 1205; x_wconf 85' lang='lat' dir='ltr'><em>bita</em></span> <span class='ocrx_word' id='word_1_49' title='bbox 295 1165 436 1204; x_wconf 81' lang='lat' dir='ltr'><em>estin</em></span> <span class='ocrx_word' id='word_1_50' title='bbox 479 1163 738 1202; x_wconf 82' lang='lat' dir='ltr'><em>studiorum</em></span> <span class='ocrx_word' id='word_1_51' title='bbox 780 1163 1115 1201; x_wconf 69' lang='lat' dir='ltr'><em>instauratione</em></span> <span class='ocrx_word' id='word_1_52' title='bbox 1159 1173 1330 1207; x_wconf 80' lang='lat' dir='ltr'><em>annua,</em></span> <span class='ocrx_word' id='word_1_53' title='bbox 1363 1161 1401 1199; x_wconf 84' lang='lat' dir='ltr'><em>et</em></span> <span class='ocrx_word' id='word_1_54' title='bbox 1441 1160 1620 1210; x_wconf 68' lang='lat' dir='ltr'><em>ecyloya</em></span> <span class='ocrx_word' id='word_1_55' title='bbox 1650 1160 1698 1199; x_wconf 83' lang='lat' dir='ltr'><em>in</em></span> 
     </span>
     <span class='ocr_line' id='line_1_10' title="bbox 177 1225 1701 1281; baseline -0.005 -11"><span class='ocrx_word' id='word_1_56' title='bbox 177 1232 304 1281; x_wconf 83' lang='lat' dir='ltr'><em>festis</em></span> <span class='ocrx_word' id='word_1_57' title='bbox 341 1230 573 1269; x_wconf 81' lang='lat' dir='ltr'><em>nataliciis</em></span> <span class='ocrx_word' id='word_1_58' title='bbox 602 1229 655 1266; x_wconf 91' lang='lat' dir='ltr'><em>D.</em></span> <span class='ocrx_word' id='word_1_59' title='bbox 681 1228 734 1266; x_wconf 91' lang='lat' dir='ltr'><em>N.</em></span> <span class='ocrx_word' id='word_1_60' title='bbox 758 1228 864 1267; x_wconf 88' lang='lat' dir='ltr'><em>Iesu</em></span> <span class='ocrx_word' id='word_1_61' title='bbox 898 1227 1064 1266; x_wconf 84' lang='lat' dir='ltr'><em>Christi</em></span> <span class='ocrx_word' id='word_1_62' title='bbox 1095 1227 1145 1266; x_wconf 87' lang='lat' dir='ltr'><em>de</em></span> <span class='ocrx_word' id='word_1_63' title='bbox 1182 1226 1380 1265; x_wconf 86' lang='lat' dir='ltr'><em>eiusdem</em></span> <span class='ocrx_word' id='word_1_64' title='bbox 1409 1225 1557 1264; x_wconf 89' lang='lat' dir='ltr'><em>natali</em></span> <span class='ocrx_word' id='word_1_65' title='bbox 1588 1225 1701 1264; x_wconf 90' lang='lat' dir='ltr'><em>acta.</em></span> 
     </span>
     <span class='ocr_line' id='line_1_11' title="bbox 178 1290 1704 1345; baseline -0.004 -10"><span class='ocrx_word' id='word_1_66' title='bbox 178 1319 228 1324; x_wconf 94' lang='lat'><em>--</em></span> <span class='ocrx_word' id='word_1_67' title='bbox 261 1295 447 1345; x_wconf 70' lang='lat' dir='ltr'><em>Colleyii</em></span> <span class='ocrx_word' id='word_1_68' title='bbox 488 1294 730 1333; x_wconf 74' lang='lat' dir='ltr'><em>exstructio</em></span> <span class='ocrx_word' id='word_1_69' title='bbox 771 1293 1080 1332; x_wconf 80' lang='lat' dir='ltr'><em>continuatur.</em></span> <span class='ocrx_word' id='word_1_70' title='bbox 1121 1314 1162 1318; x_wconf 97' lang='lat'><strong>—</strong></span> <span class='ocrx_word' id='word_1_71' title='bbox 1193 1292 1424 1342; x_wconf 64' lang='lat' dir='ltr'><em>Religiosa</em></span> <span class='ocrx_word' id='word_1_72' title='bbox 1461 1290 1704 1340; x_wconf 76' lang='lat' dir='ltr'><em>disciplina</em></span> 
     </span>
    </p>
   </div>
   <div class='ocr_carea' id='block_1_5' title="bbox 176 1362 318 1411">
    <p class='ocr_par' dir='ltr' id='par_1_5' title="bbox 176 1362 318 1411">
     <span class='ocr_line' id='line_1_12' title="bbox 176 1362 318 1411; baseline -0.007 -10"><span class='ocrx_word' id='word_1_73' title='bbox 176 1362 318 1411; x_wconf 77' lang='lat' dir='ltr'><em>floret.</em></span> 
     </span>
    </p>
   </div>
   <div class='ocr_carea' id='block_1_6' title="bbox 440 1592 1339 1787">
    <p class='ocr_par' dir='ltr' id='par_1_6' title="bbox 440 1592 1339 1787">
     <span class='ocr_line' id='line_1_13' title="bbox 832 1592 946 1642; baseline -0.009 0"><span class='ocrx_word' id='word_1_74' title='bbox 832 1592 946 1642; x_wconf 88' lang='grc'><em>594</em></span> 
     </span>
     <span class='ocr_line' id='line_1_14' title="bbox 440 1733 1339 1787; baseline -0.004 0"><span class='ocrx_word' id='word_1_75' title='bbox 440 1736 499 1787; x_wconf 89' lang='grc' dir='ltr'><em>Ρ.</em></span> <span class='ocrx_word' id='word_1_76' title='bbox 559 1734 1002 1786; x_wconf 83' lang='lat' dir='ltr'>GREGORIUS</span> <span class='ocrx_word' id='word_1_77' title='bbox 1077 1733 1339 1784; x_wconf 76' lang='lat' dir='ltr'>FABIUS</span> 
     </span>
    </p>
   </div>
   <div class='ocr_carea' id='block_1_7' title="bbox 545 1872 1215 1911">
    <p class='ocr_par' dir='ltr' id='par_1_7' title="bbox 545 1872 1215 1911">
     <span class='ocr_line' id='line_1_15' title="bbox 545 1872 1215 1911; baseline -0.006 0"><span class='ocrx_word' id='word_1_78' title='bbox 545 1885 719 1911; x_wconf 79' lang='lat' dir='ltr'>COLONIA</span> <span class='ocrx_word' id='word_1_79' title='bbox 746 1874 789 1909; x_wconf 82' lang='lat'><em>31</em></span> <span class='ocrx_word' id='word_1_80' title='bbox 819 1883 1046 1909; x_wconf 73' lang='lat' dir='ltr'><em>DECEMBms</em></span> <span class='ocrx_word' id='word_1_81' title='bbox 1077 1872 1161 1908; x_wconf 78' lang='lat'>1561</span> <span class='ocrx_word' id='word_1_82' title='bbox 1190 1872 1215 1908; x_wconf 79' lang='lat'><em>2.</em></span> 
     </span>
    </p>
   </div>
   <div class='ocr_carea' id='block_1_8' title="bbox 73 1993 1709 2767">
    <p class='ocr_par' dir='ltr' id='par_1_8' title="bbox 73 1993 1709 2767">
     <span class='ocr_line' id='line_1_16' title="bbox 73 1993 1706 2046; baseline -0.004 -8"><span class='ocrx_word' id='word_1_83' title='bbox 73 2001 109 2038; x_wconf 92' lang='lat'><em>1.</em></span> <span class='ocrx_word' id='word_1_84' title='bbox 140 1997 258 2038; x_wconf 82' lang='lat' dir='ltr'><em>Socii</em></span> <span class='ocrx_word' id='word_1_85' title='bbox 287 1997 494 2037; x_wconf 75' lang='lat' dir='ltr'><em>undecim</em></span> <span class='ocrx_word' id='word_1_86' title='bbox 524 2008 667 2046; x_wconf 88' lang='lat' dir='ltr'><em>nuper</em></span> <span class='ocrx_word' id='word_1_87' title='bbox 696 1996 905 2045; x_wconf 64' lang='lat' dir='ltr'><em>ingressi,</em></span> <span class='ocrx_word' id='word_1_88' title='bbox 938 2006 1131 2044; x_wconf 81' lang='lat' dir='ltr'><em>quorum</em></span> <span class='ocrx_word' id='word_1_89' title='bbox 1157 1995 1314 2043; x_wconf 88' lang='lat' dir='ltr'><em>patria</em></span> <span class='ocrx_word' id='word_1_90' title='bbox 1356 1994 1395 2032; x_wconf 89' lang='lat' dir='ltr'><em>et</em></span> <span class='ocrx_word' id='word_1_91' title='bbox 1439 1993 1559 2032; x_wconf 85' lang='lat' dir='ltr'><em>dotes</em></span> <span class='ocrx_word' id='word_1_92' title='bbox 1588 1993 1706 2032; x_wconf 88' lang='lat' dir='ltr'><em>indi-</em></span> 
     </span>
     <span class='ocr_line' id='line_1_17' title="bbox 179 2059 1708 2108; baseline -0.004 -6"><span class='ocrx_word' id='word_1_93' title='bbox 179 2064 356 2102; x_wconf 85' lang='lat' dir='ltr'><em>cantur.</em></span> <span class='ocrx_word' id='word_1_94' title='bbox 389 2084 439 2088; x_wconf 91' lang='lat'>—</span> <span class='ocrx_word' id='word_1_95' title='bbox 470 2065 511 2100; x_wconf 84' lang='lat'><em>2.</em></span> <span class='ocrx_word' id='word_1_96' title='bbox 556 2062 746 2100; x_wconf 83' lang='lat' dir='ltr'><em>Mutuus</em></span> <span class='ocrx_word' id='word_1_97' title='bbox 790 2073 920 2099; x_wconf 82' lang='lat' dir='ltr'><em>amor</em></span> <span class='ocrx_word' id='word_1_98' title='bbox 949 2060 988 2098; x_wconf 89' lang='lat' dir='ltr'><em>et</em></span> <span class='ocrx_word' id='word_1_99' title='bbox 1018 2060 1229 2108; x_wconf 63' lang='lat' dir='ltr'><em>religiosa</em></span> <span class='ocrx_word' id='word_1_100' title='bbox 1275 2059 1518 2108; x_wconf 78' lang='lat' dir='ltr'><em>disciplina</em></span> <span class='ocrx_word' id='word_1_101' title='bbox 1552 2059 1678 2108; x_wconf 84' lang='lat' dir='ltr'><em>floret</em></span> <span class='ocrx_word' id='word_1_102' title='bbox 1696 2074 1708 2097; x_wconf 85' lang='lat'><em>.-</em></span> 
     </span>
     <span class='ocr_line' id='line_1_18' title="bbox 181 2124 1707 2179; baseline -0.004 -12"><span class='ocrx_word' id='word_1_103' title='bbox 181 2141 269 2179; x_wconf 79' lang='lat' dir='ltr'><em>qua</em></span> <span class='ocrx_word' id='word_1_104' title='bbox 311 2129 487 2167; x_wconf 88' lang='lat' dir='ltr'><em>ratione</em></span> <span class='ocrx_word' id='word_1_105' title='bbox 516 2127 556 2165; x_wconf 91' lang='lat' dir='ltr'><em>et</em></span> <span class='ocrx_word' id='word_1_106' title='bbox 599 2126 831 2165; x_wconf 83' lang='lat' dir='ltr'><em>industria</em></span> <span class='ocrx_word' id='word_1_107' title='bbox 863 2125 1076 2163; x_wconf 81' lang='lat' dir='ltr'><em>adhibita.</em></span> <span class='ocrx_word' id='word_1_108' title='bbox 1110 2125 1317 2173; x_wconf 64' lang='lat' dir='ltr'><em>Linguae</em></span> <span class='ocrx_word' id='word_1_109' title='bbox 1354 2125 1639 2173; x_wconf 64' lang='lat' dir='ltr'><em>germanicae</em></span> <span class='ocrx_word' id='word_1_110' title='bbox 1668 2124 1707 2162; x_wconf 89' lang='lat' dir='ltr'><em>et</em></span> 
     </span>
     <span class='ocr_line' id='line_1_19' title="bbox 178 2189 1708 2244; baseline -0.004 -11"><span class='ocrx_word' id='word_1_111' title='bbox 178 2195 371 2244; x_wconf 63' lang='lat' dir='ltr'><em>gallicae</em></span> <span class='ocrx_word' id='word_1_112' title='bbox 399 2193 549 2232; x_wconf 83' lang='lat' dir='ltr'><em>studio</em></span> <span class='ocrx_word' id='word_1_113' title='bbox 581 2192 774 2241; x_wconf 62' lang='lat' dir='ltr'><em>diligens</em></span> <span class='ocrx_word' id='word_1_114' title='bbox 805 2203 939 2241; x_wconf 84' lang='lat' dir='ltr'><em>opera</em></span> <span class='ocrx_word' id='word_1_115' title='bbox 970 2189 1261 2240; x_wconf 78' lang='lat' dir='ltr'><em>impenditur.</em></span> <span class='ocrx_word' id='word_1_116' title='bbox 1296 2189 1462 2227; x_wconf 85' lang='lat' dir='ltr'><em>Novem</em></span> <span class='ocrx_word' id='word_1_117' title='bbox 1492 2201 1545 2227; x_wconf 74' lang='lat' dir='ltr'><em>eoe</em></span> <span class='ocrx_word' id='word_1_118' title='bbox 1575 2190 1708 2228; x_wconf 88' lang='lat' dir='ltr'><em>sociis</em></span> 
     </span>
     <span class='ocr_line' id='line_1_20' title="bbox 180 2254 1708 2298; baseline -0.004 0"><span class='ocrx_word' id='word_1_119' title='bbox 180 2258 546 2298; x_wconf 86' lang='lat' dir='ltr'><em>baccalaureatus</em></span> <span class='ocrx_word' id='word_1_120' title='bbox 586 2257 718 2296; x_wconf 86' lang='lat' dir='ltr'><em>titulo</em></span> <span class='ocrx_word' id='word_1_121' title='bbox 750 2257 991 2295; x_wconf 82' lang='lat' dir='ltr'><em>ornantur.</em></span> <span class='ocrx_word' id='word_1_122' title='bbox 1027 2277 1075 2281; x_wconf 98' lang='lat'><strong>—</strong></span> <span class='ocrx_word' id='word_1_123' title='bbox 1107 2259 1147 2293; x_wconf 86' lang='lat'><em>3.</em></span> <span class='ocrx_word' id='word_1_124' title='bbox 1179 2254 1422 2294; x_wconf 84' lang='lat' dir='ltr'><em>Sollemnis</em></span> <span class='ocrx_word' id='word_1_125' title='bbox 1450 2254 1708 2293; x_wconf 87' lang='lat' dir='ltr'><em>studiorum</em></span> 
     </span>
     <span class='ocr_line' id='line_1_21' title="bbox 179 2320 1709 2372; baseline -0.004 -8"><span class='ocrx_word' id='word_1_126' title='bbox 179 2325 472 2364; x_wconf 78' lang='lat' dir='ltr'><em>instauratio.</em></span> <span class='ocrx_word' id='word_1_127' title='bbox 507 2346 556 2350; x_wconf 90' lang='lat'><em>-</em></span> <span class='ocrx_word' id='word_1_128' title='bbox 588 2323 928 2372; x_wconf 71' lang='lat' dir='ltr'><em>Discipulorimi</em></span> <span class='ocrx_word' id='word_1_129' title='bbox 973 2321 1086 2359; x_wconf 88' lang='lat' dir='ltr'><em>bona</em></span> <span class='ocrx_word' id='word_1_130' title='bbox 1130 2320 1333 2366; x_wconf 85' lang='lat' dir='ltr'><em>indoles;</em></span> <span class='ocrx_word' id='word_1_131' title='bbox 1363 2322 1440 2369; x_wconf 80' lang='lat' dir='ltr'><em>qui</em></span> <span class='ocrx_word' id='word_1_132' title='bbox 1473 2320 1530 2358; x_wconf 93' lang='lat' dir='ltr'><em>ad</em></span> <span class='ocrx_word' id='word_1_133' title='bbox 1558 2332 1709 2359; x_wconf 91' lang='lat' dir='ltr'><em>sacra-</em></span> 
     </span>
     <span class='ocr_line' id='line_1_22' title="bbox 181 2385 1708 2436; baseline -0.004 -7"><span class='ocrx_word' id='word_1_134' title='bbox 181 2391 330 2429; x_wconf 86' lang='lat' dir='ltr'><em>menta</em></span> <span class='ocrx_word' id='word_1_135' title='bbox 375 2390 560 2428; x_wconf 78' lang='lat' dir='ltr'><em>libenter</em></span> <span class='ocrx_word' id='word_1_136' title='bbox 590 2388 816 2427; x_wconf 82' lang='lat' dir='ltr'><em>accedunt.</em></span> <span class='ocrx_word' id='word_1_137' title='bbox 850 2409 898 2413; x_wconf 93' lang='lat'><em>——</em></span> <span class='ocrx_word' id='word_1_138' title='bbox 928 2390 972 2425; x_wconf 82' lang='lat'><em>4.</em></span> <span class='ocrx_word' id='word_1_139' title='bbox 1004 2386 1278 2436; x_wconf 80' lang='lat' dir='ltr'><em>Spiritualia</em></span> <span class='ocrx_word' id='word_1_140' title='bbox 1319 2385 1578 2424; x_wconf 84' lang='lat' dir='ltr'><em>ministeria</em></span> <span class='ocrx_word' id='word_1_141' title='bbox 1608 2397 1708 2424; x_wconf 90' lang='lat' dir='ltr'><em>cum</em></span> 
     </span>
     <span class='ocr_line' id='line_1_23' title="bbox 180 2450 1707 2495; baseline -0.004 -1"><span class='ocrx_word' id='word_1_142' title='bbox 180 2456 457 2495; x_wconf 80' lang='lat' dir='ltr'><em>scholasticis</em></span> <span class='ocrx_word' id='word_1_143' title='bbox 500 2455 698 2493; x_wconf 71' lang='lat' dir='ltr'><em>eoeternis</em></span> <span class='ocrx_word' id='word_1_144' title='bbox 737 2454 776 2491; x_wconf 88' lang='lat' dir='ltr'><em>et</em></span> <span class='ocrx_word' id='word_1_145' title='bbox 820 2452 1002 2491; x_wconf 83' lang='lat' dir='ltr'><em>civibus.</em></span> <span class='ocrx_word' id='word_1_146' title='bbox 1045 2473 1094 2477; x_wconf 93' lang='lat'><strong>—</strong></span> <span class='ocrx_word' id='word_1_147' title='bbox 1142 2451 1492 2489; x_wconf 82' lang='lat' dir='ltr'><em>Brunsvicensis</em></span> <span class='ocrx_word' id='word_1_148' title='bbox 1535 2450 1628 2489; x_wconf 78' lang='lat' dir='ltr'><em>dux</em></span> <span class='ocrx_word' id='word_1_149' title='bbox 1656 2450 1707 2489; x_wconf 91' lang='lat' dir='ltr'><em>P.</em></span> 
     </span>
     <span class='ocr_line' id='line_1_24' title="bbox 180 2515 1709 2569; baseline -0.005 -9"><span class='ocrx_word' id='word_1_150' title='bbox 180 2522 428 2560; x_wconf 86' lang='lat' dir='ltr'><em>Henricum</em></span> <span class='ocrx_word' id='word_1_151' title='bbox 456 2520 728 2569; x_wconf 71' lang='lat' dir='ltr'><em>Dionysium</em></span> <span class='ocrx_word' id='word_1_152' title='bbox 760 2518 817 2557; x_wconf 90' lang='lat' dir='ltr'><em>ad</em></span> <span class='ocrx_word' id='word_1_153' title='bbox 847 2517 1085 2556; x_wconf 82' lang='lat' dir='ltr'><em>catholicos</em></span> <span class='ocrx_word' id='word_1_154' title='bbox 1115 2528 1224 2555; x_wconf 84' lang='lat' dir='ltr'><em>suae</em></span> <span class='ocrx_word' id='word_1_155' title='bbox 1254 2516 1445 2554; x_wconf 78' lang='lat' dir='ltr'><em>dicionis</em></span> <span class='ocrx_word' id='word_1_156' title='bbox 1474 2515 1709 2565; x_wconf 64' lang='lat' dir='ltr'><em>erigendos</em></span> 
     </span>
     <span class='ocr_line' id='line_1_25' title="bbox 179 2581 1709 2632; baseline -0.005 -7"><span class='ocrx_word' id='word_1_157' title='bbox 179 2587 358 2625; x_wconf 78' lang='lat' dir='ltr'><em>invitat.</em></span> <span class='ocrx_word' id='word_1_158' title='bbox 404 2586 457 2624; x_wconf 91' lang='lat' dir='ltr'><em>P.</em></span> <span class='ocrx_word' id='word_1_159' title='bbox 491 2585 717 2623; x_wconf 65' lang='lat' dir='ltr'><em>Heni-icus</em></span> <span class='ocrx_word' id='word_1_160' title='bbox 760 2583 870 2622; x_wconf 83' lang='lat' dir='ltr'><em>illuc</em></span> <span class='ocrx_word' id='word_1_161' title='bbox 909 2582 1226 2632; x_wconf 80' lang='lat' dir='ltr'><em>proficiscitur,</em></span> <span class='ocrx_word' id='word_1_162' title='bbox 1260 2581 1579 2630; x_wconf 78' lang='lat' dir='ltr'><em>archiepiscopi</em></span> <span class='ocrx_word' id='word_1_163' title='bbox 1617 2581 1709 2629; x_wconf 84' lang='lat' dir='ltr'><em>suf-</em></span> 
     </span>
     <span class='ocr_line' id='line_1_26' title="bbox 181 2646 1709 2702; baseline -0.005 -12"><span class='ocrx_word' id='word_1_164' title='bbox 181 2653 398 2702; x_wconf 64' lang='lat' dir='ltr'><em>fraganeo</em></span> <span class='ocrx_word' id='word_1_165' title='bbox 429 2652 519 2689; x_wconf 81' lang='lat' dir='ltr'><em>vice</em></span> <span class='ocrx_word' id='word_1_166' title='bbox 557 2650 687 2688; x_wconf 86' lang='lat' dir='ltr'><em>illius</em></span> <span class='ocrx_word' id='word_1_167' title='bbox 717 2649 943 2687; x_wconf 84' lang='lat' dir='ltr'><em>contiones</em></span> <span class='ocrx_word' id='word_1_168' title='bbox 976 2647 1186 2686; x_wconf 85' lang='lat' dir='ltr'><em>Coloniae</em></span> <span class='ocrx_word' id='word_1_169' title='bbox 1215 2647 1437 2685; x_wconf 80' lang='lat' dir='ltr'><em>habituro.</em></span> <span class='ocrx_word' id='word_1_170' title='bbox 1470 2667 1520 2672; x_wconf 84' lang='lat'><em>-</em></span> <span class='ocrx_word' id='word_1_171' title='bbox 1549 2646 1709 2684; x_wconf 85' lang='lat' dir='ltr'><em>Preces</em></span> 
     </span>
     <span class='ocr_line' id='line_1_27' title="bbox 179 2717 393 2767; baseline 0 -11"><span class='ocrx_word' id='word_1_172' title='bbox 179 2717 393 2767; x_wconf 84' lang='lat' dir='ltr'><em>postulat.</em></span> 
     </span>
    </p>
   </div>
   <div class='ocr_carea' id='block_1_9' title="bbox 76 2843 358 2847">
    <p class='ocr_par' dir='ltr' id='par_1_9' title="bbox 76 2843 358 2847">
     <span class='ocr_line' id='line_1_28' title="bbox 76 2843 358 2847; baseline 0 0"><span class='ocrx_word' id='word_1_173' title='bbox 76 2843 358 2847; x_wconf 95' lang='lat' dir='ltr'><em> </em></span> 
     </span>
    </p>
   </div>
   <div class='ocr_carea' id='block_1_10' title="bbox 75 2898 1711 3105">
    <p class='ocr_par' dir='ltr' id='par_1_10' title="bbox 75 2898 1711 3105">
     <span class='ocr_line' id='line_1_29' title="bbox 137 2898 1711 2946; baseline -0.004 -9"><span class='ocrx_word' id='word_1_174' title='bbox 137 2907 147 2924; x_wconf 90' lang='lat'>¹</span> <span class='ocrx_word' id='word_1_175' title='bbox 171 2905 326 2946; x_wconf 83' lang='lat' dir='ltr'><em>Autogr.</em></span> <span class='ocrx_word' id='word_1_176' title='bbox 351 2905 390 2936; x_wconf 90' lang='lat' dir='ltr'><em>in</em></span> <span class='ocrx_word' id='word_1_177' title='bbox 413 2904 492 2936; x_wconf 89' lang='lat' dir='ltr'><em>cod.</em></span> <span class='ocrx_word' id='word_1_178' title='bbox 518 2903 631 2944; x_wconf 79' lang='lat' dir='ltr'><em>Hisp.</em></span> <span class='ocrx_word' id='word_1_179' title='bbox 649 2903 710 2941; x_wconf 78' lang='lat'><em>98,</em></span> <span class='ocrx_word' id='word_1_180' title='bbox 734 2902 758 2934; x_wconf 83' lang='lat' dir='ltr'><em>f.</em></span> <span class='ocrx_word' id='word_1_181' title='bbox 782 2902 865 2938; x_wconf 72' lang='lat'>396:</span> <span class='ocrx_word' id='word_1_182' title='bbox 892 2901 996 2942; x_wconf 86' lang='lat' dir='ltr'><em>prius</em></span> <span class='ocrx_word' id='word_1_183' title='bbox 1019 2901 1091 2933; x_wconf 88' lang='grc'><strong>381.</strong></span> <span class='ocrx_word' id='word_1_184' title='bbox 1110 2900 1268 2932; x_wconf 79' lang='lat' dir='ltr'><em>Exstant</em></span> <span class='ocrx_word' id='word_1_185' title='bbox 1292 2900 1380 2931; x_wconf 88' lang='lat' dir='ltr'><em>bina</em></span> <span class='ocrx_word' id='word_1_186' title='bbox 1403 2909 1460 2932; x_wconf 81' lang='lat' dir='ltr'><em>ex.</em></span> <span class='ocrx_word' id='word_1_187' title='bbox 1478 2899 1598 2931; x_wconf 80' lang='lat' dir='ltr'><em>latina</em></span> <span class='ocrx_word' id='word_1_188' title='bbox 1613 2898 1711 2930; x_wconf 83' lang='lat' dir='ltr'><em>eius-</em></span> 
     </span>
     <span class='ocr_line' id='line_1_30' title="bbox 75 2952 1711 2998; baseline -0.005 -7"><span class='ocrx_word' id='word_1_189' title='bbox 75 2959 156 2992; x_wconf 85' lang='lat' dir='ltr'><em>dem</em></span> <span class='ocrx_word' id='word_1_190' title='bbox 180 2959 218 2991; x_wconf 87' lang='lat' dir='ltr'><em>in</em></span> <span class='ocrx_word' id='word_1_191' title='bbox 242 2958 277 2991; x_wconf 86' lang='lat' dir='ltr'><em>ff.</em></span> <span class='ocrx_word' id='word_1_192' title='bbox 293 2959 364 2997; x_wconf 79' lang='lat'><strong>394,</strong></span> <span class='ocrx_word' id='word_1_193' title='bbox 378 2959 451 2990; x_wconf 78' lang='lat'><strong>395.</strong></span> <span class='ocrx_word' id='word_1_194' title='bbox 465 2958 556 2990; x_wconf 91' lang='lat' dir='ltr'><em>Cum</em></span> <span class='ocrx_word' id='word_1_195' title='bbox 579 2956 763 2998; x_wconf 82' lang='lat' dir='ltr'><em>epistulae</em></span> <span class='ocrx_word' id='word_1_196' title='bbox 776 2955 835 2987; x_wconf 85' lang='lat' dir='ltr'><em>die</em></span> <span class='ocrx_word' id='word_1_197' title='bbox 847 2955 885 2987; x_wconf 88' lang='lat'><em>31</em></span> <span class='ocrx_word' id='word_1_198' title='bbox 911 2954 1073 2995; x_wconf 78' lang='lat' dir='ltr'><em>Augusti</em></span> <span class='ocrx_word' id='word_1_199' title='bbox 1087 2954 1207 2987; x_wconf 87' lang='lat' dir='ltr'><em>datae.</em></span> <span class='ocrx_word' id='word_1_200' title='bbox 1222 2956 1271 2994; x_wconf 79' lang='lat' dir='ltr'><em>(v,</em></span> <span class='ocrx_word' id='word_1_201' title='bbox 1298 2963 1357 2995; x_wconf 86' lang='lat' dir='ltr'><em>pp.</em></span> <span class='ocrx_word' id='word_1_202' title='bbox 1374 2952 1527 2994; x_wconf 56' lang='lat'><em>423425)</em></span> <span class='ocrx_word' id='word_1_203' title='bbox 1539 2952 1646 2984; x_wconf 81' lang='lat' dir='ltr'><em>valde</em></span> <span class='ocrx_word' id='word_1_204' title='bbox 1663 2952 1711 2983; x_wconf 85' lang='lat' dir='ltr'><em>si-</em></span> 
     </span>
     <span class='ocr_line' id='line_1_31' title="bbox 76 3004 1708 3051; baseline -0.004 -7"><span class='ocrx_word' id='word_1_205' title='bbox 76 3012 175 3044; x_wconf 83' lang='lat' dir='ltr'><em>milis</em></span> <span class='ocrx_word' id='word_1_206' title='bbox 192 3012 254 3051; x_wconf 73' lang='lat' dir='ltr'><em>sit,</em></span> <span class='ocrx_word' id='word_1_207' title='bbox 269 3012 350 3043; x_wconf 84' lang='lat' dir='ltr'><em>eius</em></span> <span class='ocrx_word' id='word_1_208' title='bbox 373 3012 522 3043; x_wconf 79' lang='lat' dir='ltr'><em>tantum</em></span> <span class='ocrx_word' id='word_1_209' title='bbox 546 3018 727 3042; x_wconf 87' lang='lat' dir='ltr'><em>summam</em></span> <span class='ocrx_word' id='word_1_210' title='bbox 750 3009 894 3041; x_wconf 79' lang='lat' dir='ltr'><em>damus,</em></span> <span class='ocrx_word' id='word_1_211' title='bbox 910 3008 961 3040; x_wconf 88' lang='lat' dir='ltr'><em>De</em></span> <span class='ocrx_word' id='word_1_212' title='bbox 984 3008 1135 3039; x_wconf 81' lang='lat' dir='ltr'><em>auctore</em></span> <span class='ocrx_word' id='word_1_213' title='bbox 1158 3007 1310 3039; x_wconf 71' lang='lat' dir='ltr'><em>cf.L2·u.</em></span> <span class='ocrx_word' id='word_1_214' title='bbox 1330 3006 1536 3046; x_wconf 77' lang='lat' dir='ltr'><em>Quadrim.</em></span> <span class='ocrx_word' id='word_1_215' title='bbox 1551 3004 1610 3044; x_wconf 90' lang='lat' dir='ltr'><em>VI,</em></span> <span class='ocrx_word' id='word_1_216' title='bbox 1635 3005 1708 3038; x_wconf 85' lang='lat'><strong>809.</strong></span> 
     </span>
     <span class='ocr_line' id='line_1_32' title="bbox 138 3060 1446 3105; baseline -0.005 -8"><span class='ocrx_word' id='word_1_217' title='bbox 138 3066 150 3084; x_wconf 54' lang='grc' dir='ltr'><strong>Β</strong></span> <span class='ocrx_word' id='word_1_218' title='bbox 174 3064 226 3097; x_wconf 90' lang='lat' dir='ltr'><em>Ex</em></span> <span class='ocrx_word' id='word_1_219' title='bbox 249 3064 424 3105; x_wconf 82' lang='lat' dir='ltr'><em>originali</em></span> <span class='ocrx_word' id='word_1_220' title='bbox 449 3064 487 3096; x_wconf 92' lang='lat' dir='ltr'><em>in</em></span> <span class='ocrx_word' id='word_1_221' title='bbox 512 3063 590 3096; x_wconf 88' lang='lat' dir='ltr'><em>cod.</em></span> <span class='ocrx_word' id='word_1_222' title='bbox 619 3062 748 3095; x_wconf 82' lang='lat' dir='ltr'><em>Germ.</em></span> <span class='ocrx_word' id='word_1_223' title='bbox 776 3062 857 3095; x_wconf 83' lang='lat'><em>139.</em></span> <span class='ocrx_word' id='word_1_224' title='bbox 883 3061 918 3093; x_wconf 88' lang='lat' dir='ltr'><em>ff.</em></span> <span class='ocrx_word' id='word_1_225' title='bbox 945 3061 1103 3099; x_wconf 73' lang='lat'>101-102;</span> <span class='ocrx_word' id='word_1_226' title='bbox 1130 3060 1234 3101; x_wconf 84' lang='lat' dir='ltr'><em>prius</em></span> <span class='ocrx_word' id='word_1_227' title='bbox 1259 3061 1319 3092; x_wconf 86' lang='lat'><em>150</em></span> <span class='ocrx_word' id='word_1_228' title='bbox 1341 3060 1446 3101; x_wconf 72' lang='lat'>(1025).</span> 
     </span>
    </p>
   </div>
  </div>
 </body>
</html>
