2099 3516
446 240 516 275 402
915 240 1119 277 LITTERAE
1153 241 1496 286 QUADRIMESTRES

400 369 513 407 quae
542 357 588 396 in
617 358 713 398 eius
741 358 865 397 obitu
895 358 1007 398 scitu
1037 359 1172 409 digna
1200 359 1468 407 acciderunt,
1490 359 1595 409 quia
1614 360 1826 410 temporis
1854 362 1896 399 et
1923 360 2012 411 epi-

400 423 538 461 stolae
567 423 782 462 breuitate
811 423 1099 472 excludimur,
1131 423 1277 463 uisum
1311 426 1375 463 est
1418 424 1464 463 in
1508 424 1755 475 praesentia
1783 424 2008 471 omittere;

401 486 511 526 illud
544 499 677 526 unum
709 487 818 526 satis
847 487 905 526 sit
924 488 1142 527 affirmare
1171 488 1335 528 iudicio
1357 489 1551 535 Patrum,
1574 488 1650 538 qui
1680 500 1749 528 res
1777 488 2009 528 Societatis

400 552 455 589 ab
485 551 626 601 ipsius
656 551 940 591 incunabulis
963 554 1209 602 perspectas
1239 553 1418 599 habent,
1441 564 1582 591 raram
1605 553 1742 592 fuisse
1771 552 1895 592 illius
1926 552 2012 592 uir-

401 617 552 661 tutem,
571 615 815 665 ingenium,
838 616 1120 666 reliquasque
1140 617 1278 663 dotes,
1300 617 1491 667 denique
1512 617 1649 656 uitam
1670 618 1801 668 atque
1822 617 2007 656 obitum.

402 680 643 719 Defunctus
672 682 739 719 est
767 680 898 720 etiam
928 692 980 720 ex
1013 681 1163 721 eodem
1199 683 1351 721 morbo
1383 682 1427 720 11
1459 682 1628 721 calend.
1660 681 1928 732 Septembris
1958 681 2008 720 fr.

400 744 553 783 Simon
582 743 831 789 Corderius,
863 745 939 795 qui
982 757 1064 785 nos
1105 746 1237 785 etiam
1279 758 1360 785 sua
1404 746 1567 785 uirtute
1596 748 1638 785 et
1667 745 1879 796 patientia
1922 757 2011 784 non

401 807 677 846 mediocriter
704 809 948 855 recreabat;
973 808 1219 849 iactabatur
1242 809 1360 849 enim
1382 809 1534 848 iandiu
1555 809 1779 848 continuis
1800 808 2011 855 febribus,

399 883 654 921 quanquam
684 872 795 911 lecto
816 884 905 912 non
925 873 1215 914 decumberet.
1233 874 1416 924 Vtrique
1437 874 1559 913 iuxta
1591 885 1754 913 morem
1783 873 2014 913 Societatis

401 935 517 975 iusta
555 937 867 986 persoluimus.
900 937 995 987 Quo
1026 950 1129 978 uero
1158 939 1228 978 die
1258 939 1308 978 fr.
1342 938 1493 978 Simon
1532 938 1766 978 Corderius
1810 938 2012 988 sepultus

399 1002 479 1048 est,
511 1001 587 1051 qui
617 1013 670 1040 ex
699 1002 781 1041 hac
819 1003 926 1041 urbe
967 1005 1057 1042 erat
1101 1003 1333 1050 oriundus,
1364 1003 1506 1042 adfuit
1547 1003 1643 1042 sine
1686 1002 1907 1053 lacrymis,
1939 1004 2015 1041 aut

400 1065 492 1104 ullo
521 1066 686 1105 doloris
716 1066 860 1117 signo,
893 1067 1034 1117 ipsius
1063 1069 1200 1117 pater,
1228 1070 1276 1107 ut
1306 1068 1406 1118 pius
1434 1079 1484 1106 ac
1515 1079 1615 1107 uere
1635 1067 1920 1113 christianus
1942 1067 2013 1106 cui

400 1129 531 1169 etiam
561 1130 681 1170 filius
709 1131 819 1170 alter
848 1131 894 1170 in
924 1131 1139 1171 Societate
1177 1131 1481 1171 Conimbricae
1523 1134 1624 1171 ante
1665 1132 1836 1182 aliquot
1873 1142 2015 1170 annos

402 1196 602 1234 mortuus
631 1195 795 1242 fuerat;
827 1197 959 1245 atque
988 1196 1071 1235 hoc
1100 1196 1197 1247 ipso
1226 1196 1296 1236 die
1327 1208 1454 1236 mane
1485 1196 1531 1235 in
1561 1198 1712 1235 nostro
1732 1196 1911 1246 templo,
1942 1206 2014 1234 ex-

400 1258 533 1308 piatis
561 1260 838 1298 confessione
866 1260 1143 1308 criminibus,
1175 1263 1505 1300 sacrosanctum
1535 1259 1601 1301 X.i
1626 1272 1787 1310 corpus
1807 1260 2011 1310 sumpsit.

400 1323 486 1362 Nec
516 1336 633 1363 mors
662 1324 851 1363 duorum
872 1324 1064 1364 filiorum
1084 1325 1327 1376 quidquam
1348 1325 1505 1372 effecit,
1532 1325 1772 1375 quominus
1802 1324 2012 1374 reliquos,

399 1390 530 1438 atque
559 1388 689 1427 etiam
737 1400 783 1428 se
813 1388 974 1439 ipsum,
1007 1390 1093 1429 nisi
1133 1390 1402 1441 matrimonij
1444 1390 1514 1429 ius
1556 1390 1764 1436 obstaret,
1796 1389 1841 1428 in
1872 1389 2015 1429 Socie-

399 1455 532 1492 tatem
575 1453 748 1493 admitti
792 1466 1057 1506 magnopere
1099 1456 1286 1505 exoptet.
1319 1454 1426 1494 Cum
1472 1466 1576 1494 uero
1618 1454 1671 1493 de
1713 1454 1809 1493 eius
1853 1453 2016 1493 uirtute

401 1517 539 1556 multa
569 1518 638 1558 Pr.
670 1518 840 1558 Natalis
869 1519 1114 1570 accipisset,
1147 1519 1274 1558 illum
1313 1519 1626 1570 efflagitantem
1657 1518 1888 1558 Societatis
1917 1529 2015 1557 nos-

399 1584 491 1621 trae
520 1583 776 1633 participem
814 1584 970 1623 effecit.
1016 1583 1082 1623 Sit
1124 1584 1207 1623 soli
1250 1584 1340 1623 Deo
1384 1584 1481 1623 laus
1510 1585 1552 1622 et
1594 1584 1737 1622 honor
1766 1583 1811 1621 in
1840 1594 2015 1623 omnem

399 1647 715 1689 aeternitatem.
751 1649 845 1688 Hoc
886 1649 1037 1688 eodem
1082 1651 1276 1700 tempore
1319 1650 1389 1688 Pr.
1421 1649 1508 1688 Leo
1538 1651 1567 1697 1,
1599 1649 1710 1688 duos
1754 1660 1942 1695 menses,
1973 1650 2016 1687 et

399 1712 642 1759 semissem,
674 1715 723 1752 ut
751 1714 878 1761 solet,
910 1714 1105 1764 grauiter
1133 1714 1370 1753 admodum
1401 1714 1553 1753 morbo
1586 1713 1740 1760 colico,
1771 1715 1812 1752 et
1845 1712 2015 1752 calculo

400 1777 634 1817 laborauit.
662 1777 787 1817 Nunc
817 1790 921 1818 uero
941 1780 1035 1818 tum
1056 1778 1165 1829 ipse,
1188 1780 1281 1818 tum
1303 1778 1461 1829 reliqui
1483 1778 1666 1829 aegroti,
1698 1778 1751 1817 ad
1781 1777 2014 1828 pristinam

400 1841 698 1881 ualetudinem
729 1842 919 1882 restituti
949 1845 1067 1882 sunt.

477 1906 514 1946 ⁸2.
545 1906 807 1957 Quanquam
830 1908 947 1947 Deus
968 1907 1065 1958 opt.
1099 1908 1228 1955 Max„
1252 1920 1338 1959 qua
1363 1909 1429 1947 est
1459 1907 1667 1956 bonitate,
1691 1907 1851 1946 ardens
1879 1906 2014 1957 quod-

399 1971 499 2010 dam
548 1971 783 2021 protectus,
825 1974 866 2011 et
914 1972 1195 2023 perfectionis
1241 1972 1488 2023 spiritualis
1535 1972 1801 2011 desiderium
1851 1971 2016 2010 nostris

399 2046 570 2085 semper
598 2035 770 2086 inijciat
798 2039 839 2076 et
870 2039 1072 2083 renouet;
1105 2038 1251 2076 tamen
1281 2037 1325 2075 id
1356 2036 1544 2076 maxime
1574 2036 1779 2087 apparuit
1818 2036 2014 2075 aduentu

400 2100 446 2138 P.
479 2099 664 2145 Natalis,
709 2100 836 2139 cuius
876 2112 1023 2151 opera,
1068 2102 1110 2139 et
1138 2100 1273 2147 uiam,
1318 2112 1451 2151 quam
1493 2100 1691 2151 aggressi
1721 2111 1891 2146 sumus,
1925 2111 2015 2138 ma-

400 2164 604 2203 nifestius
633 2166 674 2203 et
703 2165 924 2212 docemur,
955 2167 997 2204 et
1026 2165 1080 2204 ad
1111 2165 1479 2216 progrediendum
1526 2165 1719 2215 totisque
1762 2164 1938 2204 uiribus
1967 2163 2014 2202 in

398 2228 530 2268 uinea
560 2229 737 2268 Domini
766 2229 1098 2276 elaborandum,
1126 2242 1213 2269 non
1246 2230 1521 2269 mediocriter
1540 2241 1693 2269 omnes
1721 2229 2014 2269 accendimur.

399 2294 606 2333 Peruenit
635 2294 709 2333 ille
730 2294 776 2333 in
796 2296 997 2333 nostrum
1026 2294 1261 2346 collegium
1282 2294 1337 2334 ad
1367 2294 1572 2345 quintum
1602 2294 1819 2333 decimum
1842 2293 2012 2333 calend.

398 2358 611 2409 Augusti;
644 2370 832 2410 cumque
861 2370 911 2397 ea
940 2358 1115 2398 interim
1146 2358 1300 2405 obiret,
1332 2370 1445 2410 quae
1474 2359 1529 2397 ad
1558 2370 1686 2397 suum
1721 2369 1882 2397 munus
1925 2368 2016 2408 per-

398 2422 554 2469 tinent,
587 2434 668 2461 nos
697 2434 850 2462 omnes
879 2425 919 2462 et
949 2423 1112 2471 uerbis,
1156 2425 1198 2462 et
1231 2423 1430 2474 exemplo
1473 2434 1737 2473 magnopere
1784 2422 2012 2461 recreauit.

399 2486 479 2527 Sed
511 2499 607 2526 cum
640 2488 747 2526 haec
776 2490 977 2538 agentem
1008 2488 1142 2527 febris
1185 2487 1439 2535 inuasisset,
1486 2487 1631 2527 uisum
1662 2489 1727 2526 est
1757 2487 1938 2526 medicis
1968 2488 2015 2525 ut

398 2552 737 2603 Olyssipponem
766 2552 1021 2600 discederet,
1053 2565 1107 2592 ne
1136 2552 1275 2591 nimio
1309 2553 1444 2592 huius
1472 2552 1597 2592 urbis
1626 2554 1749 2591 aestu
1788 2552 1969 2591 morbus
1997 2558 2016 2577 a

400 2616 745 2667 ingrauesceret;
778 2628 965 2667 cumque
994 2617 1170 2667 singula
1192 2617 1424 2668 gymnasia
1447 2616 1744 2667 percurrisset,
1768 2617 2015 2666 praecepto-

399 2693 467 2720 res
510 2681 810 2732 praelegentes
852 2681 1112 2729 audiuisset,
1162 2681 1520 2732 interfuissetque
1558 2681 1824 2732 promotioni
1870 2680 2016 2720 cuius—

398 2745 499 2784 dam
531 2745 744 2796 magistri,
788 2748 830 2785 et
860 2746 1050 2796 publicis
1078 2746 1209 2786 etiam
1253 2746 1500 2797 theologiae
1529 2745 1923 2797 disputationibus,
1968 2744 2015 2783 in

460 2895 478 2913 ἃ
499 2887 648 2918 morbus
670 2895 798 2928 snpra
821 2895 920 2918 ‘Uer-3.

461 3013 467 3028 ¹
493 3010 530 3043 P.
556 3011 626 3042 Leo
649 3010 868 3052 Henriquez,
894 3011 1023 3042 rector.
