2099 3516
386 250 454 284 2206
859 245 1061 281 LITTERAE
1088 244 1431 288 QUADmMES'raEs

344 368 387 406 Ρ.
423 367 622 406 Andreas
652 363 1039 413 Walkenbuigius,
1071 362 1146 413 qui
1178 362 1223 400 in
1252 360 1485 400 audiendis
1515 359 1870 399 confessionibus
1891 371 1955 398 se-

340 432 473 471 dulus
504 431 600 472 fuit.
634 429 896 480 Popardiam
928 427 999 466 his
1027 427 1184 466 diebus
1214 426 1378 466 missus
1406 427 1486 473 est,
1519 427 1563 463 vt
1592 424 1770 463 nomine
1816 426 1956 474 pasto-

341 497 401 535 ris
432 498 459 537 ¹.
491 495 566 546 qui
597 493 847 544 spiritualia
892 491 962 530 hic
1004 493 1292 541 suscepturus
1321 492 1387 528 est
1415 489 1636 535 exercitia,
1681 500 1835 538 agrurn
1875 488 1957 527 Do-

342 561 448 599 mini
480 560 533 598 ad
565 562 737 609 tempus
771 556 954 596 excolat.

419 625 457 663 ἷ).
490 624 697 673 Superest
726 632 859 664 nunc,
892 621 942 659 R.
969 620 1013 658 in
1036 619 1211 659 Christo
1242 619 1385 659 Pater.
1413 620 1457 656 vt
1480 616 1848 662 beneuolentiam,
1871 628 1957 666 qua

342 689 575 728 Vniuersus
606 687 675 725 liic
706 684 973 725 treuerensis
1002 685 1209 735 populus,
1241 686 1372 734 atque
1403 683 1448 721 in
1481 681 1634 732 primis
1665 681 1716 720 R.
1741 681 1957 731 archipre-

341 754 409 792 sul
442 755 635 791 nostram
667 750 924 790 Societatem
958 748 1253 799 prosequitur,
1286 747 1581 793 declaremus3
1618 757 1670 785 ex
1699 746 1862 796 quibus
1891 757 1959 784 co-

341 829 549 869 gnoscere
579 815 725 855 licebit
756 816 921 864 quanta
951 813 1183 853 clementia
1212 813 1330 851 Deus
1359 811 1475 862 Opti.
1499 811 1611 850 Max.
1636 821 1703 849 res
1729 809 1959 849 Societatis

341 884 475 925 curet,
508 880 887 929 administretque.
921 878 957 917 A
989 880 1139 917 nostro
1170 877 1305 928 igitur
1334 877 1380 915 in
1410 876 1492 915 hac
1522 876 1626 914 vrbe
1668 874 1862 914 aduentu
1898 885 1959 912 re—

342 945 690 986 uerendissimus
733 943 1107 994 archiepiscopus,
1152 943 1350 987 abbates,
1396 939 1598 980 canonici
1643 941 1684 978 et
1722 938 1958 977 Vniuersus

341 1011 531 1060 denique
560 1009 749 1048 Senatus
778 1008 833 1047 ad
865 1009 1029 1046 tantam
1060 1018 1180 1056 spem
1212 1008 1316 1045 sunt
1338 1005 1467 1044 erecti
1490 1009 1606 1051 (cum
1631 1003 1754 1054 prius
1774 1003 1826 1042 de
1849 1002 1959 1041 inte-

343 1076 427 1114 ritu
447 1074 581 1113 liuius
598 1073 865 1123 reipublicae
884 1073 1157 1120 metuerent),
1172 1073 1217 1109 vt
1233 1073 1484 1109 nostrorum
1502 1068 1649 1108 studio
1666 1067 1895 1118 religionis
1911 1077 1960 1105 ac

341 1139 488 1178 ciuilis
510 1137 733 1177 facultatis
754 1139 914 1176 statum
934 1136 979 1175 in
997 1135 1229 1186 pristinam
1248 1134 1422 1185 pietatis
1439 1134 1620 1173 formam
1642 1131 1960 1171 restituendum

341 1204 571 1247 affirment,
595 1202 857 1253 publiceque
887 1201 1129 1247 fateantur;
1162 1212 1295 1250 quam
1326 1200 1439 1238 bone
1469 1198 1561 1248 spei
1583 1196 1892 1247 cogitationem
1915 1195 1959 1234 in

343 1269 497 1320 primis
517 1267 850 1307 illustrissimus
879 1266 951 1305 hic
981 1265 1185 1316 princeps
1215 1264 1420 1315 plurimis
1441 1261 1775 1302 beneuolentiae
1795 1260 1958 1311 signifi-

342 1333 593 1373 cationibus
614 1331 870 1371 declarauit.
895 1331 1022 1382 [Vide
1053 1344 1149 1380 sup.
1171 1343 1273 1380 pay.
1308 1328 1414 1380 1631.
1447 1328 1604 1366 Libros
1625 1326 1755 1365 etiam
1781 1325 1961 1365 cuilibet

343 1397 606 1449 professioni
632 1396 758 1434 vtiles
778 1407 827 1434 ac
849 1394 1122 1434 necessarios
1143 1393 1227 1432 emi
1250 1392 1379 1431 nobis
1400 1392 1588 1437 curauit,
1610 1391 1685 1441 qui
1702 1402 1792 1428 non
1813 1389 1961 1428 minus

343 1462 548 1501 trecentis
578 1460 723 1500 aureis
753 1459 1112 1499 constiterunt...
1148 1458 1265 1497 Idem
1297 1458 1347 1496 R.
1380 1456 1588 1495 dominus
1619 1453 1959 1506 [suffraganeus]

342 1527 413 1565 his
442 1526 599 1565 diebus
629 1526 755 1564 iussu
787 1523 1144 1563 reuerendissimi
1183 1520 1503 1571 archiepiscopi
1534 1520 1578 1558 in
1610 1519 1795 1569 prandio
1833 1517 1962 1557 nobis

342 1591 498 1633 adfuit,
532 1590 576 1628 in
606 1601 694 1640 quo
724 1601 775 1628 ex
805 1588 991 1627 lectione
1021 1588 1246 1626 literarum
1278 1584 1684 1637 quadrimestrium,
1717 1594 1828 1634 quas
1857 1584 1962 1621 tunc

342 1667 393 1694 ex
426 1656 528 1693 vrbe
558 1664 880 1704 acceperamus,
913 1653 973 1691 ita
1004 1653 1224 1690 recreatus
1254 1650 1351 1695 fuit,
1387 1651 1444 1691 vt.
1476 1648 1601 1687 finito
1645 1646 1843 1697 prandio,
1888 1657 1962 1685 eas

343 1720 488 1759 denuo
519 1719 660 1769 legere
691 1717 943 1757 voluerit....
975 1716 1124 1767 Neque
1154 1716 1226 1754 hic
1255 1715 1440 1754 aliorum
1486 1712 1811 1763 praeclarorum
1851 1711 1962 1749 viro-

344 1796 439 1824 rum
472 1782 826 1823 beneuolentiam
855 1793 957 1832 erga
988 1793 1069 1820 nos
1100 1780 1307 1831 preterire
1333 1790 1528 1829 possum,
1551 1777 1624 1828 qui
1649 1776 1843 1815 studium
1868 1787 1963 1825 pro-

344 1849 551 1888 mouendi
582 1849 662 1887 hoc
693 1847 944 1898 collegium,
976 1846 1093 1897 quod
1124 1845 1258 1884 semel
1288 1843 1479 1894 amplexi
1509 1844 1628 1889 sunt,
1651 1841 1782 1880 nouis
1803 1840 1848 1878 in
1869 1840 1963 1879 dies

345 1913 569 1963 beneficiis
598 1913 849 1958 declarant;
884 1912 997 1950 inter
1026 1922 1138 1961 quos
1167 1909 1322 1948 sedulo
1352 1908 1397 1947 in
1428 1908 1511 1946 hoc
1540 1905 1756 1945 incumbit
1785 1915 1963 1955 genero-

343 1991 419 2017 sus
462 1980 503 2017 et
534 1977 800 2016 venerabilis
843 1976 1051 2015 dominus
1096 1974 1346 2025 prepositus
1391 1972 1569 2011 maioris
1612 1970 1821 2010 ecclesiae
1863 1980 1961 2008 cum

344 2043 575 2083 nonnullis
605 2043 706 2092 alijs
736 2041 1063 2081 archidiaconis
1093 2043 1129 2079 et
1163 2038 1402 2079 canonicis.
1437 2038 1477 2076 [s
1506 2037 1623 2076 enim
1654 2035 1799 2075 statim
1832 2036 1963 2084 atque

344 2108 570 2158 catalogos
610 2106 914 2146 renouationis
957 2105 1204 2145 studiorum
1249 2103 1431 2152 accepit,
1477 2102 1697 2152 priuatum
1742 2099 1963 2150 quendam

344 2173 557 2211 nuncium
588 2173 633 2210 in
664 2171 853 2211 Galliam
885 2171 1018 2211 misit.
1052 2170 1121 2209 cui
1152 2169 1281 2208 etiam
1310 2168 1459 2206 literas
1480 2167 1535 2205 ad
1555 2165 1775 2217 quendam
1796 2164 1962 2203 clarum

346 2237 484 2276 virum
520 2237 564 2275 in
595 2239 791 2275 nostram
821 2234 1247 2274 commendationem
1286 2232 1546 2271 deferendas
1575 2229 1769 2269 tradidit.
1803 2228 1963 2267 Miran-

345 2305 416 2341 tur
445 2314 550 2341 sane
579 2301 893 2352 quamplurimi
927 2300 1062 2339 totius
1092 2298 1316 2338 societatis
1345 2299 1506 2336 statum
1538 2308 1563 2335 a
1593 2297 1743 2334 nostro
1768 2294 1963 2332 aduentu

344 2368 397 2406 ad
429 2370 595 2406 tantam
626 2366 904 2405 concordiam
936 2364 1391 2415 tranquillitatemque
1422 2362 1682 2400 renouatum
1721 2370 1830 2397 esse.
1877 2357 1964 2396 Mo·

344 2432 639 2471 nasteriorum
683 2432 864 2469 abbates
905 2430 1058 2468 multis
1089 2428 1318 2467 verborum
1351 2438 1401 2466 ac
1430 2424 1766 2465 beneuolentiae
1795 2422 1962 2473 signifi-

345 2497 595 2535 cationibus
638 2496 860 2534 declarare
903 2494 1172 2533 contendunt
1218 2503 1370 2531 eorum
1414 2489 1642 2541 religionis
1688 2487 1964 2528 constitutio-

345 2573 445 2600 nem
474 2569 490 2586 «Ἴ
514 2573 651 2611 poene
680 2561 937 2610 collapsam,
963 2561 1113 2597 nostro
1144 2558 1293 2596 labore
1324 2555 1639 2595 restituendam
1661 2564 1770 2593 esse.
1805 2551 1964 2601 Quam-

346 2627 494 2665 obrem
526 2626 703 2665 assidue
746 2636 923 2675 operam
967 2635 1091 2662 suam
1137 2622 1265 2661 nobis
1309 2620 1499 2660 offerunt
1541 2620 1785 2669 rogantque
1814 2616 1964 2666 sepius

347 2691 516 2729 Patrem
551 2692 759 2728 rectorem
787 2691 831 2727 vt
860 2688 1053 2738 aliquem
1074 2699 1126 2725 ex
1148 2686 1311 2725 nostris
1340 2684 1392 2723 ad
1424 2695 1573 2723 eorum
1606 2680 1871 2721 monasteria
1891 2679 1965 2718 ad-

348 2756 505 2795 mittat.
537 2755 612 2805 qui
643 2766 749 2794 suos
792 2753 1033 2792 monachos
1071 2752 1123 2791 ad
1165 2750 1358 2790 instituti
1389 2749 1458 2789 sui
1488 2745 1852 2799 prelectionemffl]
1896 2756 1964 2784 co-

408 2906 426 2923 a
459 2897 700 2929 contitionem
725 2905 793 2927 ms.
819 2895 904 2926 sine
943 2894 1021 2925 ullo
1048 2893 1202 2925 abbrev.
1227 2892 1353 2932 signo.

409 3024 418 3040 ¹
442 3022 476 3053 Is
500 3023 577 3053 erat
601 3021 730 3053 Petrus
755 3020 865 3052 Phae.
889 3019 981 3051 Vide
1004 3017 1147 3049 Lainii
1171 3016 1343 3048 Monum.
1368 3015 1391 3047 1.
1417 3024 1460 3054 c.‚
1485 3014 1556 3046 500.
