2099 3516
604 272 685 309 5²20.
713 293 757 297 —
783 271 928 308 PRAGA
953 271 975 306 4
1003 270 1102 306 MA11
1130 270 1217 306 1561
1610 271 1680 306 <299

99 392 263 432 rectius
292 393 334 431 et
363 391 596 430 honestius
626 390 673 430 in
703 391 870 437 nostro,
901 400 1035 440 quam
1066 388 1112 427 in
1146 387 1242 427 suis
1270 387 1449 438 templis
1479 387 1645 438 peragi,
1677 399 1727 426 ac

99 456 284 508 proinde
313 468 360 495 se
390 456 604 506 templum
625 454 749 494 aliud
769 465 902 505 quam
924 455 1126 493 nostrum
1149 452 1427 503 frequentare
1448 452 1581 499 nolle,
1604 452 1728 491 dum-

102 521 231 561 modo
261 533 343 560 nos
377 521 424 560 in
469 520 701 571 utriusque
739 518 902 569 speciei
950 517 1309 557 communionem
1357 517 1724 556 consentiremus

100 586 393 637 Sepulchrum
423 585 618 632 Domini,
649 583 769 635 quod
798 585 912 622 certe
955 582 1200 634 gloriosum
1231 593 1281 621 ac
1311 581 1598 632 magnificum
1629 580 1726 627 fuit,

99 662 200 690 cum
230 650 544 690 serenissimus
575 649 777 700 princeps
806 656 823 673 ³¹
846 647 933 699 pijs
964 647 1169 698 precibus
1191 658 1267 698 per
1291 645 1482 685 mediam
1522 646 1610 684 fere
1653 645 1730 684 ho-

101 727 194 755 ram
224 715 349 754 flexis
382 715 429 754 in
463 717 624 754 terram
667 713 873 765 genibus,
904 714 947 752 et
976 711 1150 751 liberali
1182 712 1232 750 10
1260 711 1500 750 talerorum
1544 710 1728 749 eleemo-

100 792 211 832 syna
245 780 500 827 honorauit,
532 781 626 819 tum
656 778 868 818 uniuersa
913 778 1054 828 Praga
1100 776 1363 828 [tJantopere
1400 774 1732 814 commendauit

100 847 164 893 ut,
195 847 413 896 quantum
443 844 760 891 intelleximus,
794 855 869 894 per
902 842 1129 882 Boemiam
1159 843 1202 881 et
1230 841 1425 892 quasdas
1467 839 1731 881 Germaniae

102 910 356 962 prouincias
386 909 700 961 uulgatissima
731 909 846 948 fama
878 909 1114 959 spargatur
1157 918 1387 958 nunquam
1422 905 1493 945 his
1522 905 1569 944 in
1599 904 1733 955 parti-

101 976 185 1016 bus
214 975 500 1026 sepulchrum
530 976 619 1014 tam
641 973 936 1014 honorificum
957 975 999 1012 et
1019 972 1282 1012 admirabile
1303 971 1451 1020 uisum
1471 982 1582 1010 esse.
1606 969 1731 1009 Vnde

100 1041 281 1092 quidam
326 1039 562 1091 peregrini,
603 1039 680 1090 qui
727 1050 778 1078 eo
821 1040 1017 1089 tempore
1060 1037 1165 1077 hinc
1208 1037 1458 1084 abfuerant,
1513 1047 1617 1087 prae
1667 1034 1731 1073 ni-

102 1106 192 1145 mia
224 1105 518 1145 admiratione
562 1104 829 1155 cupiuerunt
872 1115 896 1143 e
938 1102 1070 1142 nobis
1112 1102 1361 1153 intelligere
1403 1112 1597 1152 quanam
1640 1101 1732 1139 arte

101 1172 405 1211 constructum
436 1170 582 1217 fuerit,
614 1181 702 1220 qua
734 1168 783 1220 [Ξ]
817 1180 893 1219 per
935 1167 1162 1207 Boemiam
1205 1167 1315 1206 adeo
1344 1166 1602 1206 celebretur.
1631 1165 1733 1204 Plu-

103 1236 265 1276 rimum
294 1235 425 1275 etiam
457 1235 611 1286 populi
642 1234 926 1274 deuotionem
956 1233 1081 1273 auxit
1110 1232 1189 1272 illa
1222 1231 1446 1283 processio
1467 1243 1553 1282 qua
1575 1230 1734 1270 diebus

101 1301 276 1341 festiuis
296 1313 346 1340 ac
367 1300 604 1340 dominicis
624 1299 817 1339 letaniae
840 1298 1078 1350 figuratiua
1099 1297 1289 1337 melodia
1311 1297 1620 1343 decantantur,
1643 1307 1732 1346 quo

101 1366 220 1406 Deus
250 1366 399 1406 futuro
429 1365 619 1405 concilio
649 1364 847 1404 foelicem
880 1365 1090 1403 euentum
1121 1362 1360 1402 concedere
1390 1361 1513 1401 uelit.

182 1432 220 1472 5.
254 1432 306 1471 Et
335 1431 547 1483 quoniam
578 1429 737 1470 incidit
766 1429 932 1469 mentio
962 1429 1015 1468 de
1044 1428 1279 1467 hominum
1300 1429 1607 1466 extraneorum
1631 1437 1734 1476 erga

103 1499 305 1537 nostrum
335 1496 549 1547 templum
579 1494 834 1541 deuotione,
867 1505 957 1533 non
987 1505 1171 1544 possum
1200 1492 1274 1532 hic
1312 1491 1612 1538 dissimulare,
1644 1501 1735 1529 non

103 1562 202 1602 dico
231 1561 375 1601 solum
406 1560 717 1612 frequentiam,
749 1559 825 1599 sed
856 1558 1129 1610 singularem
1151 1569 1328 1609 quoque
1349 1556 1556 1607 pietatem
1582 1567 1734 1595 eorum

104 1627 180 1679 qui
223 1627 279 1666 ad
322 1638 404 1666 nos
447 1625 771 1672 confluxerunt,
804 1624 984 1675 quando
1024 1623 1076 1663 R.
1111 1623 1181 1662 Pr.
1215 1624 1357 1662 rector
1385 1620 1404 1647 ¹³
1435 1623 1478 1661 et
1506 1633 1603 1672 ego,
1635 1620 1737 1660 licet

104 1691 463 1743 indignissimus,
496 1692 695 1730 nostram
738 1689 1060 1740 professionem
1101 1688 1360 1728 aederemus
1390 1689 1417 1726 1.
1451 1686 1634 1726 Sacrum
1669 1697 1737 1724 so—

104 1757 249 1797 lemne
291 1757 343 1796 R.
376 1756 427 1796 D.
460 1755 741 1807 praepositus
773 1756 804 1802 2,
836 1753 1052 1793 adhibitis
1095 1752 1306 1792 ecclesiae
1349 1763 1456 1791 suae
1500 1750 1734 1797 ministris,

103 1821 358 1862 celebrauit.
391 1822 570 1860 Praeter
598 1819 897 1871 germanicam
932 1821 1146 1866 nostram,
1190 1817 1323 1857 etiam
1357 1816 1599 1856 boemicam
1636 1827 1738 1855 con—

104 1888 277 1928 cionem
315 1886 525 1927 dominus
566 1886 762 1925 decanus
791 1885 844 1925 de
887 1884 1121 1924 Societatis
1163 1883 1351 1934 origine,
1384 1883 1485 1931 fine,
1518 1880 1738 1920 institutis

105 1965 156 1993 ac
198 1953 408 1993 laudibus
451 1952 498 1991 in
541 1950 764 1991 auditorio
808 1949 1170 2002 frequentissimo
1217 1948 1389 1988 habuit.
1437 1946 1738 1987 Interfuerunt

105 2030 259 2058 omnes
288 2020 556 2069 protectores
585 2019 628 2056 et
657 2016 788 2056 amici
818 2015 960 2055 nostri
990 2027 1090 2055 cum
1121 2014 1224 2065 alijs
1254 2013 1500 2053 baronibus
1534 2024 1584 2051 ac
1614 2011 1739 2050 nobi-

105 2084 225 2124 libus
256 2083 431 2131 multis;
464 2084 506 2122 et
534 2081 729 2134 quanuis
759 2080 1039 2132 praecedenti
1061 2079 1286 2119 dominica
1306 2080 1485 2130 propter
1506 2077 1739 2127 indulgen-

107 2149 193 2189 tias
223 2148 446 2200 plenarias
488 2147 697 2187 catholici
742 2146 947 2186 homines
990 2144 1410 2191 communicassent,
1443 2142 1740 2182 nihilominus

109 2217 270 2261 tamen,
302 2214 418 2265 quod
451 2213 523 2252 hic
553 2212 806 2252 inauditum
831 2213 912 2259 est,
944 2211 991 2250 in
1021 2210 1210 2262 gratiam
1232 2211 1410 2249 nostrae
1431 2206 1737 2259 professioniS,

107 2292 220 2331 quae
250 2278 453 2330 sequenti
482 2278 707 2318 dominica
736 2277 1059 2323 celebrabatur,
1091 2276 1144 2315 60
1173 2286 1388 2326 personae
1432 2284 1588 2313 rursus
1622 2284 1739 2312 com-

108 2345 408 2385 municarunt.
441 2343 538 2393 Quo
568 2345 764 2394 tempore
808 2341 991 2393 quidam
1035 2341 1169 2381 etiam
1212 2339 1487 2380 serenissimi
1524 2336 1739 2390 principis

109 2410 298 2455 aulicus,
330 2409 401 2449 uir
442 2407 730 2448 authoritatis
772 2418 863 2446 non
907 2406 1108 2457 exiguae,
1140 2404 1453 2456 spiritualibus
1495 2402 1613 2454 apud
1656 2411 1741 2440 nos

108 2475 330 2526 exercitijS
359 2474 421 2514 ita
450 2473 645 2520 uacauit,
678 2475 727 2513 ut
747 2473 933 2523 ipsemet
954 2470 1192 2522 aliquoties
1218 2482 1295 2521 per
1324 2469 1401 2509 illa
1431 2468 1518 2509 sibi
1547 2467 1741 2519 primum

109 2551 229 2580 nunc
258 2540 412 2580 oculos
441 2538 587 2579 cordis
615 2540 792 2589 apertos
835 2537 1134 2584 confiteretur,
1165 2547 1216 2575 ac
1245 2535 1376 2575 nobis
1419 2534 1539 2574 uitae
1581 2532 1742 2584 perfec-

109 2605 238 2645 tioris
266 2617 389 2657 spem
418 2604 556 2644 daret.
589 2602 870 2654 Quamquam
899 2601 1019 2642 enim
1049 2601 1105 2641 ad
1134 2601 1284 2641 aulam
1313 2599 1518 2640 consulto
1548 2597 1740 2647 redierit,

171 2798 192 2819 a
209 2790 401 2831 Sequitur
421 2798 458 2822 v.
481 2789 602 2822 oblitt.
627 2807 667 2811 —
689 2788 708 2815 b
738 2788 872 2820 Rector
893 2796 1021 2828 supra
1042 2795 1146 2819 vers.

175 2958 186 2976 ²
209 2957 247 2991 P.
271 2957 410 2989 Paulus
433 2955 621 2996 Hoffaeus,
652 2955 784 2993 rector,
810 2955 846 2987 et
882 2953 921 2986 P.
959 2953 1189 2995 Blyssemius
1225 2951 1491 2993 professionem
1528 2948 1742 2981 sollemnem

112 3011 317 3044 emiserunt
340 3010 400 3043 die
423 3010 463 3042 16
484 3009 609 3041 Martii
633 3008 725 3048 1561,
750 3008 793 3040 ut
815 3016 861 3040 ex
883 3006 1037 3049 profess,
1062 3004 1308 3047 autographis
1335 3003 1494 3036 constat.

175 3064 188 3083 ²
210 3062 394 3095 Henricus
417 3061 647 3094 Scribonius.
