2099 3516
558 316 638 351 499.
664 336 709 365 ÷
735 314 947 349 Tonmssus
975 313 1018 347 15
1044 312 1213 347 Apmms
1245 311 1331 345 1561
1647 310 1711 345 195

135 436 347 482 attulerit,
393 446 522 474 nemo
565 445 655 472 non
690 432 822 471 videt.
857 431 1045 481 Vigebat
1074 432 1115 468 et
1145 429 1233 468 alia
1264 429 1309 467 in
1340 428 1423 467 hac
1452 427 1632 466 ciuitate
1664 439 1760 477 pes-

136 502 269 542 tilens
288 503 331 540 et
349 499 478 551 quasi
500 497 763 538 incurabilis
784 497 914 547 plaga
946 496 1093 546 (prout
1122 494 1234 533 alias
1264 493 1312 533 T.
1344 493 1394 532 R.
1429 493 1474 532 P.
1506 494 1572 531 est
1601 492 1761 531 litteris

136 565 400 617 expositum)
446 567 454 587 ¹
503 562 872 608 incantationum,
909 559 1255 605 diuinationum,
1296 557 1574 607 aliarumque
1612 568 1759 606 super-

136 630 368 670 stitionum
400 627 508 678 varij
543 626 717 678 generis
747 625 967 665 diabolica
998 623 1257 663 inuentione
1278 621 1624 672 exquisitaru1n;
1649 632 1763 672 quae

135 695 314 746 quidem
348 694 477 744 plaga
507 693 617 731 adeo
647 702 800 730 omnes
831 690 1056 736 infecerat,
1088 690 1179 727 tam
1210 688 1432 738 vulgares,
1469 697 1600 736 quam
1639 685 1764 724 nobi-

135 760 214 807 les,
246 761 332 798 tam
365 759 533 800 doctos,
566 768 700 807 quam
743 755 1016 807 ignorantes,
1050 755 1095 792 vt
1125 753 1198 792 vix
1242 752 1493 791 crederetur
1535 762 1630 790 esse
1666 762 1763 800 pec-

134 827 296 864 catum.
327 823 527 874 Denique
565 834 664 862 cum
708 819 967 860 huiusmodi
1012 818 1268 869 pestiferum
1314 817 1437 856 virus
1481 816 1527 855 in
1572 816 1764 866 publicis

134 889 425 929 concionibus
455 887 596 927 nostri
626 898 756 937 saepe
785 885 965 935 saepius
986 883 1387 922 abhominarentur
1423 881 1533 933 [3κέ]3
1558 893 1764 932 arguere-

137 958 294 1006 turque
314 954 611 1005 praelatorum
634 951 807 992 incuria
828 951 875 989 in
896 962 947 990 eo
976 948 1254 999 corrigendo,
1286 947 1430 987 effecit
1460 947 1538 986 Dei
1572 946 1762 994 bonitas,

138 1022 182 1059 vt
211 1018 431 1070 generalis
461 1017 655 1057 vicarius
684 1015 897 1067 populum
930 1013 1107 1065 publice
1139 1015 1203 1058 (ut
1234 1013 1369 1052 moris
1409 1014 1492 1060 est)
1533 1011 1662 1050 trinis
1704 1011 1766 1050 vi-

136 1085 263 1125 cibus
291 1092 309 1110 a*
335 1082 665 1123 admonendum
694 1082 882 1128 curaret,
914 1079 1180 1119 sententiam
1210 1076 1639 1117 excomunicationis
1665 1088 1767 1115 mox

137 1150 360 1190 ferendam
391 1149 437 1188 in
467 1160 542 1188 eos
571 1148 647 1199 qui
692 1147 858 1187 similia
900 1146 1166 1191 exercerent,
1215 1143 1280 1182 vel
1325 1142 1516 1182 exerceri
1561 1153 1766 1193 procura-

137 1217 255 1263 rent;
287 1227 376 1266 qua
405 1213 685 1253 solummodo
715 1211 960 1251 monitione
996 1209 1271 1261 praehabita,
1313 1210 1553 1258 antequam
1583 1208 1638 1246 ad
1669 1219 1767 1246 cen-

136 1292 266 1320 surae
308 1278 711 1330 promulgationem
753 1276 1038 1316 deueniretur
1082 1275 1329 1325 (nunquam
1361 1273 1478 1312 enim
1510 1274 1577 1312 est
1605 1272 1768 1312 deuen-

136 1346 263 1396 tum),
295 1357 345 1385 eo
385 1345 565 1384 fuerunt
607 1354 762 1382 omnes
804 1342 962 1381 timore
1006 1339 1212 1391 perculsi,
1259 1341 1301 1378 et
1343 1338 1535 1389 quadam
1580 1338 1768 1377 honesta

136 1410 402 1450 verecundia
431 1409 635 1460 correpti,
667 1410 715 1447 vt
738 1408 832 1459 jam
863 1418 982 1446 nunc
1024 1405 1187 1445 nedum
1234 1404 1342 1444 talia
1384 1415 1475 1443 non
1519 1404 1764 1449 exerceant,

136 1476 214 1515 sed
251 1487 381 1526 aegre
423 1475 566 1514 ferant
608 1473 789 1512 illarum
832 1471 1078 1511 vanitatum
1125 1469 1212 1509 sibi
1256 1468 1451 1519 amplius
1496 1467 1767 1507 mentionem

136 1540 245 1580 fieri.
279 1540 406 1579 Faxit
434 1539 654 1579 Dominus
698 1538 836 1585 lesus,
869 1538 914 1576 vt
944 1547 1058 1587 quae
1102 1536 1271 1574 restant
1314 1533 1460 1573 adhuc
1503 1532 1684 1583 publica
1728 1533 1769 1571 et

136 1605 334 1645 enormia
364 1606 556 1656 peccata,
590 1603 793 1643 funditus
823 1602 1097 1641 auferantur.

215 1671 253 1710 3.
287 1670 369 1721 Qui
402 1670 485 1709 hoc
514 1667 891 1721 quadragesimali
913 1669 1109 1717 tempore
1129 1665 1248 1716 apud
1269 1667 1446 1704 nostros
1475 1675 1581 1703 suas
1611 1675 1769 1702 exone-

137 1738 291 1776 rarunt
320 1735 632 1781 conscientias,
677 1736 741 1773 tot
774 1745 825 1772 ac
853 1732 966 1772 tanti
1010 1733 1204 1778 fuerunt,
1252 1732 1296 1769 vt
1338 1729 1594 1781 perdifficile
1637 1728 1768 1768 fuerit

137 1813 372 1841 numerum
414 1801 636 1851 colligere,
682 1800 809 1850 provt
839 1810 891 1838 ex
931 1797 1130 1848 proxime
1174 1796 1324 1835 missis
1367 1794 1770 1846 quadrimestribus

138 1867 298 1918 poterit
326 1865 611 1917 deprehendi.
645 1864 761 1904 Illud
794 1866 940 1903 tamen
971 1874 1090 1902 nunc
1128 1862 1304 1902 addam.
1345 1862 1525 1900 auctum
1565 1859 1770 1898 videlicet

137 1944 232 1972 esse
262 1932 482 1971 nobilium
512 1942 562 1970 ac
592 1930 831 1981 primatum
867 1939 1101 1968 numerum
1132 1927 1185 1966 ad
1218 1939 1300 1966 nos
1337 1925 1657 1965 confluentium
1690 1936 1768 1975 pro

137 1996 426 2036 sacramentis
456 1995 769 2046 suscipiendis,
803 1994 910 2033 adeo
931 1995 977 2032 vt
1002 1993 1085 2032 hac
1116 1992 1210 2031 vice
1242 1992 1313 2030 vix
1345 2002 1459 2030 Vnus
1490 1989 1767 2031 remanserit.

137 2062 214 2113 qui
244 2061 409 2101 nostris
440 2073 530 2100 non
564 2061 621 2100 sit
664 2059 918 2106 confessus,
965 2060 1145 2097 auctum
1189 2068 1366 2108 quoque
1409 2067 1643 2095 numerum
1689 2054 1770 2093 fre-

137 2127 448 2178 quentantium
478 2128 777 2171 sacramenta;
820 2127 999 2164 auctum
1038 2123 1230 2174 denique
1269 2134 1418 2162 eorum
1452 2121 1653 2161 omnium
1684 2120 1771 2171 spi-

138 2192 341 2232 ritualem
373 2192 631 2243 profectum.
665 2191 717 2230 Et
748 2193 792 2230 vt
824 2189 1137 2241 particularius
1158 2188 1329 2239 aliquid
1357 2188 1542 2227 referam
1575 2186 1771 2235 (omissis

138 2258 292 2297 multis
314 2257 601 2308 pecuniarum
625 2255 999 2301 restitutionibus,
1032 2254 1274 2304 multisque
1303 2252 1662 2292 confessionibus
1692 2251 1770 2290 diu

138 2323 332 2370 omissis,
365 2334 483 2362 nunc
515 2334 616 2361 vero
646 2321 806 2372 factis),
839 2320 984 2359 extitit
1013 2319 1228 2370 quaedam
1275 2318 1514 2369 conjugata
1559 2316 1768 2363 foemina,

138 2400 251 2439 quae
280 2400 357 2438 per
388 2388 435 2426 17
465 2399 609 2426 annos
638 2387 685 2426 in
724 2386 903 2437 publico
946 2385 1247 2424 concubinatu
1290 2395 1390 2423 cum
1433 2383 1625 2434 quodam
1671 2381 1771 2420 reli-

138 2454 278 2505 giOSO,
337 2455 539 2504 separata
587 2454 733 2492 tamen
792 2451 1083 2497 habitatione,
1141 2450 1525 2501 perseuerauerat;
1572 2448 1771 2497 adeoque

138 2519 360 2570 lapideum
410 2531 485 2558 cor
536 2519 744 2564 habebat,
801 2519 842 2556 et
894 2517 941 2555 in
989 2518 1167 2567 peccato
1211 2515 1502 2561 obstinatum,
1551 2515 1597 2552 vt
1641 2513 1771 2563 plane

139 2584 375 2623 affirmaret
404 2583 681 2634 impossibile
720 2583 805 2622 sibi
837 2583 893 2621 ab
922 2594 974 2621 eo
1003 2581 1243 2628 discedere,
1290 2592 1394 2631 prae
1438 2579 1576 2618 nimio
1621 2589 1772 2617 amore

139 2661 227 2701 quo
256 2650 476 2689 amasium
506 2660 637 2688 suum
676 2648 1041 2699 prosequebatur.
1067 2645 1241 2685 Placuit
1260 2647 1408 2685 tamen
1438 2645 1477 2684 ei
1507 2644 1583 2695 qui
1614 2645 1774 2694 potens

137 2716 203 2754 est
231 2714 284 2754 de
314 2714 540 2765 lapidibus
570 2713 785 2753 suscitare
816 2712 932 2752 filios
963 2712 1169 2752 Abrabae
1199 2712 1229 2759 2,
1262 2710 1469 2761 spiritum
1509 2709 1651 2749 eidem
1683 2708 1774 2747 foe-

201 2894 219 2913 a
236 2886 347 2918 trinis
371 2885 517 2917 vicibus
540 2894 666 2926 setpra
692 2893 791 2916 vers.
819 2884 954 2916 vadem
978 2893 1114 2916 φηιιηιι.

203 3055 213 3072 ¹
236 3053 329 3086 Vide
351 3053 447 3085 Litt.
477 3052 683 3092 (Jnadrim.
710 3052 769 3086 VI.
795 3052 846 3083 74.

203 3109 215 3126 2
237 3106 288 3140 Cf.
314 3106 457 3139 MA'r'rH.
482 3106 545 3146 ΙΙΙ,
570 3108 602 3139 9.
