2099 3516
494 312 616 350 INDEX
644 324 928 358 PERSONARUM,
955 325 1093 352 RERUM
1123 327 1171 352 Ac
1198 326 1386 352 coconem
1637 312 1706 349 833

128 431 308 471 Ovando,
327 430 512 471 Ioannes,
541 432 716 468 vicarius
735 433 908 480 archiep.

175 489 434 537 hispalensis,
454 490 533 531 216,
552 491 639 532 599;
655 492 816 528 scholas
836 493 905 528 So—

176 549 338 584 cietatis
376 549 523 595 aperiri
563 553 688 591 curat,
719 551 802 594 1693
830 551 905 587 cle-

175 609 280 644 ricos
307 608 357 644 ad
396 608 605 644 doctrinae
644 610 902 654 christianae,

175 671 216 704 et
256 678 423 703 casuum
467 669 741 704 conscientiae
783 680 904 715 expo-

175 728 366 764 sitionem
393 730 602 765 convocat.
629 728 715 770 217;
742 729 838 774 quid
857 729 905 763 de

175 787 333 823 clericis
360 786 582 822 formandis
617 787 798 828 sentiret,
829 788 903 822 411.

129 846 300 883 Ovidius
326 845 447 886 Naso,
469 847 599 891 poeta,
627 846 713 880 eius
741 845 842 881 liber
860 846 908 881 de

176 904 381 941 Tristibus
435 904 663 950 explicatur
718 904 904 944 Ocaniae.

176 965 231 1001 71.

130 1023 361 1071 Oybinense
388 1023 692 1064 monasterium,
715 1023 814 1058 socii
835 1023 902 1068 qui

176 1083 230 1119 ibi
275 1083 428 1129 degunt
467 1081 517 1117 ab
561 1081 777 1117 haereticis
819 1092 907 1128 per-

175 1141 406 1178 secutiones
433 1141 658 1188 patiuntur,
684 1140 765 1176 301.

502 1259 538 1305 Ρ

133 1380 329 1422 Pachtler,
357 1378 400 1415 G.
428 1377 611 1419 Michael,
641 1378 678 1414 S.
695 1377 735 1419 Ι.,
762 1377 909 1423 script..

175 1439 257 1482 506,
283 1439 365 1475 672.

132 1499 256 1535 Paiva
271 1501 310 1534 et
322 1497 446 1540 Pona,
465 1498 510 1534 A.
527 1497 566 1533 P.
586 1497 646 1538 de,
665 1497 814 1543 script„
828 1496 908 1532 567.

132 1558 328 1599 Palacios,
367 1557 534 1604 Gaspar,
562 1556 599 1592 S.
628 1556 671 1599 Ι.,
698 1555 796 1597 obit,
830 1555 910 1595 616,

177 1617 258 1653 617.

131 1699 175 1703 -
203 1676 357 1718 Petrus,
388 1676 631 1712 Societatem
672 1674 910 1721 ingreditur,

132 1795 321 1832 Palantia
359 1794 595 1842 (Palencia),
634 1793 723 1830 coll.
763 1795 907 1830 status.

180 1854 269 1900 1733
306 1854 493 1890 doctrina
531 1852 758 1889 christiana
795 1851 911 1887 doce-

179 1917 255 1956 tur,
296 1913 381 1958 1.73;
419 1923 642 1949 concursus
685 1911 736 1947 ad
775 1921 908 1946 sacra-

179 1976 327 2017 menta,
366 1973 452 2017 173,
495 1972 817 2020 supplicationes
861 1971 910 2006 ad

178 2033 476 2080 impetrandam
502 2032 695 2079 pluviam,
713 2030 801 2073 391;
822 2040 912 2065 nos—

179 2096 332 2128 trorum
359 2103 449 2128 cum
477 2091 571 2127 aliis
606 2090 811 2137 religiosis
850 2100 910 2125 re-

179 2152 291 2193 latio,
330 2151 416 2194 174;
455 2151 602 2187 festum
640 2149 912 2186 circumcisio-

179 2212 244 2247 nis
269 2210 510 2252 dominicae,
538 2210 623 2253 174;
651 2212 690 2245 et
720 2208 911 2255 Corporis

179 2270 343 2313 Christi,
392 2269 578 2313 391-392;
628 2267 912 2315 grammatices

179 2330 311 2371 ludus,
336 2329 425 2373 3913
452 2329 583 2376 episc„
616 2339 651 2364 v.
679 2326 911 2363 Fernandez

177 2389 226 2425 de
253 2388 495 2431 Valtodano,
522 2386 754 2434 Christoph.

135 2448 285 2491 Palma,
313 2448 352 2484 S.
379 2447 406 2484 l.
433 2448 492 2494 (⁶3),
530 2446 777 2483 Vindobona
816 2437 913 2491 Tyr—

180 2507 343 2543 naviam
371 2507 532 2550 missus,
558 2505 639 2548 495,
665 2506 746 2541 508.

135 2566 301 2610 Palmio,
328 2566 586 2608 Benedictus,
613 2565 651 2601 S.
678 2564 718 2607 Ι.,
751 2565 914 2611 provin-

179 2625 296 2662 cialis
319 2624 640 2672 Longobardiae,
658 2623 715 2666 38,
735 2623 811 2665 120,
835 2623 911 2664 137,

180 2685 267 2727 77ος
313 2684 624 2720 exhortationes
666 2682 717 2718 ad
768 2682 913 2718 fratres

180 2744 304 2780 habet
329 2747 368 2779 et
394 2744 608 2780 contiones
634 2742 684 2778 ad
719 2740 914 2788 populum

181 2803 404 2846 Bononiae,
433 2802 511 2845 138,
537 2802 619 2844 327,
649 2801 737 2846 783;
776 2799 913 2835 Ferra-

181 2863 277 2905 riae,
305 2863 390 2907 45ος
419 2862 578 2898 Patavii
605 2862 647 2897 in
677 2859 825 2907 templo
852 2870 916 2895 ca-

181 2921 368 2964 thedrali,
396 2921 573 2961 744-745:
608 2919 804 2961 Venetiis,
844 2918 911 2954 ubi

180 2981 417 3017 institutum
438 2979 656 3017 Societatis
676 2978 826 3025 populo
846 2989 914 3013 ex-

182 3040 319 3087 plicat,
346 3039 512 3082 137-138,
540 3038 707 3075 140-141.

137 3120 178 3125 —
207 3099 458 3141 Franciscus‚
498 3098 536 3135 S.
575 3098 615 3140 Ι.,
650 3100 781 3133 rector
820 3095 909 3132 coll.

173 3193 332 3220 LITTERAE
355 3192 630 3227 QUADRIMESTRES.
660 3207 687 3210 —
711 3190 786 3216 Tou.
814 3189 879 3216 Vll.

1031 434 1306 475 bononiensis,
1348 434 1621 475 contionatur,
1674 431 1754 474 326,

1024 493 1104 535 331,
1132 493 1209 529 782.

982 551 1203 593 Pannonia,
1230 552 1309 587 284.

981 611 1234 653 Panormum,
1261 611 1349 647 coll.
1388 613 1533 653 status,
1569 610 1627 652 29,
1666 610 1753 645 343-

1026 671 1106 714 344,
1132 671 1213 711 480,
1239 670 1326 713 676;
1356 670 1606 706 noviciorum
1645 680 1756 705 exer-

1026 730 1134 771 citia,
1152 730 1240 768 344:
1267 730 1489 765 domestica
1512 728 1756 769 adhortatio,

1029 788 1109 827 4802:
1139 799 1274 835 preces
1298 799 1370 834 pro
1391 788 1593 824 Ecclesiae
1621 798 1756 823 neces-

1029 847 1233 889 sitatibus,
1274 847 1453 887 481-4822
1499 846 1756 882 alumnorum

1028 917 1229 947 numerus,
1268 906 1325 947 30,
1363 906 1444 949 344,
1480 905 1569 948 6803
1596 905 1666 952 qui
1698 904 1758 940 ni-

1029 966 1102 1000 mis
1121 966 1204 1001 cito
1222 965 1274 1001 ad
1292 965 1440 1001 altiora
1458 965 1595 1001 studia
1621 974 1758 1000 ascen-

1026 1024 1118 1060 dere
1145 1024 1301 1066 volunt,
1319 1024 1407 1067 680;
1426 1024 1613 1060 doctrina
1630 1023 1758 1058 chris·

1029 1083 1142 1119 tiana
1180 1084 1357 1124 docetur,
1384 1083 1440 1125 31,
1466 1082 1636 1125 344-345,
1665 1082 1757 1125 677;

1026 1143 1288 1189 congregatio
1308 1143 1466 1189 piorum
1483 1142 1660 1177 virorum
1679 1143 1759 1176 sta-

1030 1200 1188 1237 bilitur:
1223 1202 1310 1237 eius
1349 1211 1482 1248 opera,
1520 1200 1648 1244 30-313
1677 1199 1758 1242 484,

1026 1259 1117 1303 6793
1153 1271 1374 1296 concursus
1413 1260 1463 1295 ad
1501 1261 1759 1295 sacramenta

1027 1319 1298 1365 suscipienda,
1327 1319 1384 1361 31,
1422 1318 1502 1361 481,
1539 1318 1628 1361 483;
1655 1317 1759 1353 iubi-

1033 1378 1107 1413 laei
1137 1379 1360 1422 occasione,
1378 1378 1466 1422 345;
1485 1378 1652 1420 fructus,
1671 1376 1758 1420 678;

1030 1439 1266 1474 nosocomia
1291 1438 1538 1480 invisuntur,
1564 1437 1644 1478 345,
1670 1435 1759 1479 482;

1030 1500 1068 1532 61
1107 1507 1297 1539 carceres,
1335 1497 1392 1539 31,
1429 1497 1516 1540 345;
1556 1495 1760 1532 Exercitia

1032 1556 1264 1602 spiritualia
1284 1556 1356 1592 Sti.
1376 1556 1525 1603 Ignatii
1553 1554 1760 1601 aliquibus

1032 1615 1192 1651 feminIS
1211 1618 1251 1651 et
1270 1616 1369 1650 viris
1395 1614 1760 1655 communicantur,

1031 1674 1111 1716 345,
1137 1674 1216 1717 483,
1242 1675 1329 1715 679;
1359 1674 1606 1710 monasteria
1640 1672 1760 1717 virgi-

1032 1744 1127 1769 num
1154 1734 1360 1775 iuvantur,
1378 1733 1459 1774 482,
1476 1732 1558 1776 483,
1575 1732 1656 1774 678,
1673 1731 1760 1774 679;

1032 1793 1320 1828 monasterium
1367 1792 1439 1828 Sti.
1483 1791 1649 1827 Ioannis
1695 1790 1760 1826 del

1035 1851 1243 1897 Roglione‚
1269 1852 1356 1891 679:
1387 1850 1695 1897 archiepiscopi,
1725 1860 1760 1884 v.

1033 1910 1183 1946 Orozeo
1207 1911 1255 1946 de
1274 1911 1388 1950 Arce,
1408 1909 1571 1952 Franc.;
1592 1920 1625 1944 v.
1645 1908 1762 1944 Prae-

1031 1971 1186 2012 conius,
1230 1970 1503 2014 Octavianus3
1546 1971 1688 2010 rector,
1726 1979 1761 2004 v.

1033 2030 1224 2071 Achilles,
1253 2029 1404 2066 Paulus
1431 2029 1491 2064 de.

990 2089 1111 2124 Paola
1137 2088 1307 2134 (Paula),
1334 2088 1414 2130 387,
1440 2088 1520 2123 390.

989 2148 1121 2189 Paolo,
1165 2148 1217 2190 Ρ.,
1257 2148 1293 2184 S.
1333 2148 1373 2189 Ι.,
1415 2147 1678 2183 contionatur
1720 2147 1761 2181 in

1033 2207 1384 2254 Montepolitiano,
1409 2206 1490 2242 263.

989 2266 1158 2313 Papuas,
1184 2277 1294 2313 gens,
1322 2265 1531 2312 Evangelii
1560 2265 1764 2312 praedica-

1034 2329 1141 2361 tores
1167 2325 1382 2367 desiderat,
1407 2325 1487 2360 568.

988 2385 1145 2425 Parisii,
1173 2384 1262 2420 coll.
1289 2387 1434 2426 status,
1460 2383 1513 2424 12,
1536 2383 1599 2425 75;
1626 2382 1765 2418 adver-

1033 2444 1129 2479 sarii
1149 2447 1188 2479 et
1203 2443 1322 2479 amici
1343 2442 1572 2484 Societatis,
1589 2441 1763 2484 486-488;

1033 2503 1122 2539 coll.
1155 2502 1260 2538 Stae.
1292 2501 1507 2541 Barbarae,
1544 2501 1605 2544 12;
1641 2500 1764 2546 pestis

1035 2563 1076 2597 in
1105 2561 1201 2597 urbe
1229 2564 1449 2608 grassatur,
1475 2560 1564 2599 489:

989 2622 1141 2663 Parma,
1181 2621 1367 2667 princeps
1405 2620 1465 2662 de,
1509 2630 1543 2655 v.
1579 2618 1762 2661 Farnese,

1036 2679 1278 2715 Alexander.

991 2739 1118 2774 Parva
1133 2749 1273 2774 mensa
1286 2738 1335 2773 ad
1351 2738 1626 2784 paenitentias
1641 2737 1755 2772 adim-

1035 2798 1215 2845 plendas,
1241 2797 1321 2839 590,
1346 2796 1426 2832 600.

992 2857 1209 2898 Pascualis,
1237 2856 1273 2892 S.
1303 2856 1343 2898 Ι.,
1362 2855 1606 2892 Vindobona
1625 2856 1666 2891 in
1686 2855 1766 2891 Ita-

1034 2917 1130 2952 liam
1159 2917 1319 2957 missus,
1345 2914 1424 2950 495.

992 2976 1145 3013 Passiu.
1173 2974 1382 3021 Georgius,
1410 2974 1447 3009 S.
1475 2973 1516 3015 Ι.,
1535 2976 1666 3009 rector
1686 2973 1766 3009 col-

1037 3034 1131 3081 legii
1160 3034 1343 3075 amerini,
1377 3032 1460 3075 143;
1492 3032 1768 3078 occupationi-

1035 3094 1110 3129 bus
1160 3093 1357 3133 obruitur,
1409 3091 1494 3135 1433
1537 3091 1766 3127 doctrinam

1696 3185 1731 3212 53
