2099 3516
453 271 524 307 518
926 271 1129 308 LITTERAE
1163 270 1508 315 QUADmMEs-rims

407 390 517 429 Nam
547 390 651 429 dum
684 390 881 440 plerique
909 401 961 429 ex
992 389 1126 428 variis
1160 387 1361 439 partibus
1394 386 1440 425 in
1474 386 1664 426 alienam
1694 386 2019 437 possessionem

406 457 671 494 conarentur
701 455 879 501 irruere7
912 457 953 492 et
982 454 1083 492 illas
1112 452 1242 491 nobis
1285 451 1379 490 iure
1422 450 1696 502 mancipatas
1730 462 1835 502 opes
1876 462 2023 491 occoe-

407 521 581 570 perunt,
614 520 770 558 volunt
799 531 848 558 os
877 519 1065 569 cingere,
1099 518 1199 556 illas
1238 528 1326 566 quo
1365 515 1541 555 facilius
1569 527 1592 554 e
1621 515 1828 555 manibus
1858 515 2022 555 nostris

407 586 730 635 extorquerent,
764 584 1027 622 labefactare
1056 583 1192 621 vitam
1222 580 1516 631 singulorum,
1556 579 1865 629 eruditionem,
1901 592 2023 631 prae-

406 650 630 699 ceptorum
661 650 911 687 nostrorum
942 647 1221 698 parilitatem,
1250 645 1502 684 institutum
1525 644 1656 684 etiam
1677 644 1902 684 criminari
1923 645 2021 684 ausi

407 715 512 752 sunt
540 713 658 763 apud
687 714 889 752 senatum
920 712 1222 762 parisiensem.
1257 709 1402 748 Huius
1435 709 1573 748 totius
1608 709 1953 759 perturbationis
1981 711 2023 748 et

406 778 671 817 calamitatis
702 778 910 817 authores
938 777 1059 816 fuere
1088 774 1380 815 clarmontani
1406 774 1551 821 ciues3
1584 774 1676 824 qui,
1704 785 1802 813 cum
1824 774 2024 813 viderent

407 855 617 893 magnum
647 843 758 882 illud
788 842 883 881 auri
913 842 1088 892 pondus
1118 841 1311 890 legatum
1341 839 1486 886 nobis,
1510 850 1670 889 magno
1691 839 1796 886 fore,
1815 838 1853 878 si
1873 850 2022 878 conse—

407 908 483 958 qui
513 909 709 958 possent,
742 908 839 947 vsui
884 907 969 946 sibi
1000 908 1041 945 et
1070 905 1241 944 ciuitati
1286 915 1365 943 sue
1407 903 1652 951 commodo,
1689 903 1795 943 dum
1828 914 1875 943 se
1903 903 2022 942 solos

407 972 668 1022 profitentur
688 972 884 1017 heredes,
905 971 1082 1010 nomine
1103 981 1346 1020 pauperum
1364 969 1785 1016 clarmontanorum‚
1803 967 2021 1007 Lutetiam

406 1037 746 1087 proficiscuntur
774 1048 935 1076 nouam
967 1035 1183 1074 decreturi
1214 1035 1364 1073 contra
1396 1045 1478 1072 nos
1507 1033 1826 1083 quaestionem,
1858 1034 1901 1072 et
1928 1032 2023 1072 suis

405 1103 658 1152 coeperunt,
690 1102 809 1141 haud
839 1101 929 1140 scio
968 1100 1132 1151 quibus
1162 1101 1201 1138 et
1237 1110 1370 1149 quam
1414 1097 1544 1137 iustis
1587 1097 1851 1146 rationibus,
1895 1108 2021 1137 suam

406 1176 501 1204 esse
524 1165 751 1216 pecuniam
776 1165 1014 1212 affirmare3
1041 1165 1083 1203 in
1108 1175 1195 1213 quo
1216 1162 1394 1202 silentio
1418 1173 1610 1212 premam
1631 1163 1739 1212 quot
1767 1163 1809 1201 et
1833 1163 2023 1213 quantas

406 1229 452 1268 in
482 1241 564 1268 nos
592 1230 840 1269 calumnias
869 1228 1172 1280 produxerint,
1205 1228 1309 1266 dum
1340 1238 1422 1265 nos
1451 1226 1717 1277 incognitos,
1749 1228 1953 1265 externos
1981 1227 2023 1265 et

406 1305 458 1333 ex
487 1294 687 1333 barbaris
718 1306 852 1333 vnum
884 1294 928 1332 in
959 1293 1103 1332 locum
1134 1294 1308 1331 coactos
1348 1291 1621 1339 nationibus,
1661 1303 1816 1341 parum
1855 1290 2020 1338 fideles,

406 1358 537 1398 rudes
580 1360 622 1398 et
664 1358 843 1409 ignaros
885 1360 927 1397 et,
969 1358 1176 1409 pleraque
1218 1356 1305 1395 alia
1334 1364 1351 1382 ἃ
1381 1355 1618 1395 criminum
1646 1354 1665 1381 ¹³
1692 1367 1867 1406 genera,
1911 1366 2023 1405 quae

406 1424 566 1463 tacitus
596 1426 834 1474 praetereo,
867 1423 1136 1462 obiecerunt.
1181 1422 1262 1461 His
1301 1423 1448 1460 tamen
1486 1421 1681 1472 prudens
1719 1422 1900 1460 senatus
1933 1431 2023 1459 non

407 1488 466 1527 ita
498 1488 624 1528 facile
654 1488 915 1538 obsequitur
945 1490 1077 1537 atque
1111 1487 1252 1533 audit,
1297 1486 1404 1537 quin
1448 1486 1573 1537 prius
1615 1485 1850 1536 diligenter
1893 1485 2024 1524 verba

407 1553 658 1592 testamenti
698 1553 965 1603 appendant,
997 1555 1038 1591 et
1067 1564 1119 1591 ex
1149 1552 1240 1591 illis
1282 1551 1556 1590 voluntatem
1598 1550 1776 1590 eliciant
1805 1552 1846 1589 et
1874 1560 2024 1589 conse-

407 1619 602 1667 quantur
631 1617 850 1667 episcopi;
883 1629 968 1667 qua
1000 1616 1173 1655 tandem
1205 1615 1396 1666 cognita,
1424 1614 1579 1654 statuit
1609 1614 1738 1653 nobis
1768 1614 1861 1653 iure
1890 1612 2023 1652 eximi

406 1693 496 1721 non
526 1693 653 1732 posse
684 1682 894 1732 pecunias
923 1693 1033 1732 quas
1065 1680 1195 1719 nobis
1228 1680 1410 1719 vtendas
1440 1679 1736 1730 fruendasque
1772 1678 2023 1729 reliquisset

406 1746 653 1797 episcopus.
687 1746 795 1786 Cum
826 1746 975 1796 itaque
1013 1746 1161 1785 vident
1204 1746 1304 1784 illas
1334 1756 1380 1784 se
1410 1744 1609 1783 obtinere
1654 1743 1833 1782 minime
1877 1754 2021 1793 posse,

405 1822 502 1850 cum
544 1813 688 1850 autem
730 1811 842 1849 nihil
873 1811 925 1849 de
955 1811 1099 1857 nobis,
1145 1812 1185 1849 at
1231 1811 1402 1849 tantum
1448 1809 1499 1848 de
1549 1807 1835 1848 facultatibus
1877 1809 2024 1846 essent

406 1875 583 1923 soliciti,
616 1875 748 1914 aliam
780 1876 912 1926 paulo
942 1875 1249 1914 humaniorem
1294 1874 1563 1913 meditantur
1591 1873 1724 1921 viam,
1755 1884 1805 1911 ac
1834 1871 1886 1911 de
1916 1871 2023 1910 inte-

406 1952 483 1990 gro
513 1940 635 1979 litem
665 1940 880 1979 aduersus
909 1940 1029 1979 ciues
1060 1942 1235 1978 nostros
1256 1940 1451 1986 mouent,
1484 1941 1528 1977 vt
1557 1938 1792 1988 collegium
1822 1938 2021 1976 nostrum

406 2004 672 2055 Gergouiam
694 2007 706 2028 1
728 2005 1060 2052 transferretur3
1094 2016 1172 2043 nec
1192 2006 1364 2043 tantum
1386 2004 1439 2042 de
1458 2002 1675 2054 pecuniis,
1706 2002 1782 2041 sed
1813 2001 1865 2041 de
1895 2000 2023 2040 nobis

406 2069 537 2108 etiam
576 2069 899 2119 consequendis
938 2070 1164 2119 agebatur,
1210 2068 1503 2108 clarmontani
1534 2079 1612 2107 sue
1640 2066 1837 2106 ciuitatis
1866 2065 2023 2105 nobili·

406 2135 554 2179 tatem,
595 2134 744 2180 situm,
790 2134 1147 2173 commoditatem
1191 2135 1481 2184 exponentes;
1526 2134 1679 2172 contra
1721 2131 1860 2170 nostri
1902 2130 2023 2169 ciues

406 2199 543 2237 altera
586 2210 638 2238 ex
683 2201 804 2249 parte
846 2199 1121 2238 voluntatem
1166 2199 1377 2249 episcopi,
1422 2197 1787 2238 consuetudinem
1830 2206 2023 2245 suasque

407 2263 518 2302 alias
551 2263 779 2314 plerasque
809 2263 1003 2302 rationes
1033 2266 1293 2303 asserentes.
1326 2263 1519 2302 Tandem
1544 2264 1588 2301 vt
1610 2261 1712 2301 victi
1741 2259 2024 2300 discesserint

406 2329 714 2377 clarmontani‚
747 2340 843 2368 ecce
874 2341 975 2367 vero
1005 2329 1234 2367 hilhiomei
1275 2329 1396 2367 ciues
1425 2330 1467 2367 et
1499 2326 1701 2367 canonici
1740 2326 1912 2365 easdem
1953 2336 2023 2375 pe-

406 2393 576 2441 cunias,
601 2395 645 2432 vt
666 2393 711 2432 in
735 2405 860 2433 vsum
884 2394 1108 2443 proprium
1132 2394 1452 2439 ‹Jonuerterenh
1475 2395 1514 2432 et
1536 2390 1853 2432 clarmontanis
1873 2401 2021 2429 earum

406 2470 528 2509 spem
560 2469 734 2498 omnem
764 2458 1022 2503 adimerent„
1068 2458 1286 2497 Lutetiam
1332 2458 1495 2508 pariter
1524 2457 1702 2504 adeunt,
1735 2467 1861 2495 suam
1890 2465 2022 2504 expo-

407 2525 520 2563 nunt
549 2523 594 2562 in
624 2525 782 2562 senatu
811 2535 1015 2570 causam;
1047 2525 1088 2562 et
1117 2523 1221 2562 dum
1243 2523 1295 2561 ad
1322 2535 1404 2562 nos
1434 2522 1618 2561 veniunt
1647 2521 1826 2560 nomine
1856 2519 2023 2559 fauoris

407 2590 539 2638 atque
559 2587 783 2638 praesidii,
807 2599 978 2626 omnem
1002 2587 1128 2626 vultu
1150 2587 1412 2627 simulantes
1434 2586 1786 2626 beneuolentiam
1808 2586 1851 2624 et
1869 2596 2019 2635 opem;

406 2664 540 2703 seque
569 2664 615 2692 se
635 2664 684 2691 ac
705 2664 809 2691 suas
830 2652 1060 2691 facultates
1092 2664 1168 2702 pro
1200 2653 1328 2691 nobis
1357 2654 1508 2691 contra
1537 2651 1866 2691 clarmontanos
1894 2660 2023 2699 expo-

407 2717 595 2764 situros;
628 2718 833 2756 absentes
863 2719 1028 2767 postea,
1061 2716 1155 2755 suis
1187 2719 1231 2755 vt
1261 2717 1508 2756 inseruiant
1545 2715 1803 2762 commodis,
1840 2726 1920 2753 nos
1941 2725 2022 2768 cu-

467 2890 485 2908 a,
505 2882 579 2913 alia
611 2890 737 2922 supra
772 2890 871 2913 vers.
896 2899 934 2902 d
958 2881 976 2906 h
998 2881 1240 2912 criminorum
1266 2890 1334 2912 ms.
1361 2882 1408 2921 (f)

469 3043 477 3060 ¹
502 3042 525 3074 i.
551 3051 581 3074 e.
606 3040 1000 3074 Clermont-Ferrand.
