2099 3516
434 268 504 304 5802
911 267 1114 305 er'rERAE
1148 267 1491 312 QUADmMEsTnEs

389 387 514 427 Multi
544 388 658 427 certe
688 387 735 426 in
764 387 928 438 populo
957 387 1012 426 ad
1043 386 1223 425 meliora
1253 385 1465 436 aspirant.
1508 384 1624 425 Oues
1653 384 1815 425 Christi
1846 385 1892 424 in
1921 385 2004 425 fide

389 454 563 503 patrum
593 463 775 491 suorum
805 453 846 491 et
877 451 1013 491 totius
1042 450 1251 490 ecclesiae
1279 450 1523 489 confirmat.
1570 449 1787 489 Haeretici
1818 450 1922 489 dum
1952 450 2005 489 de

388 516 580 567 singulis
626 517 756 556 rebus
803 516 1016 555 rationem
1064 515 1261 566 exigunt,
1297 515 1600 561 destruuntur,
1633 514 1721 553 imo
1750 514 2004 554 conuersari

388 581 619 621 nobiscum
649 581 935 620 delectantur.
969 580 1197 630 Hospitale
1218 579 1353 618 semel
1374 580 1505 630 atque
1526 578 1682 618 iterum
1702 578 2002 626 uisitauimus,

387 646 463 686 sed
493 645 621 696 pauci
651 647 692 685 et
721 645 867 696 Sclauj
900 645 1060 684 ibidem
1092 646 1210 683 sunt.
1244 643 1447 683 Carceres
1492 655 1736 694 nunquam,
1785 643 1890 694 quia
1937 643 2005 683 vel

387 710 555 759 nullus,
587 710 655 750 vel
684 710 853 761 linguis
890 709 1081 748 diuersis
1129 708 1189 747 ibi
1239 708 1505 748 detinentur.
1557 707 1756 748 Confessi
1804 710 1909 747 sunt
1939 708 2002 755 13,

387 775 536 826 plures
565 775 753 815 fuissent
782 775 818 813 si
852 774 987 824 va1²ijs
1017 773 1185 824 linguis
1214 773 1513 823 loquerentur.
1546 773 1609 812 Ex
1633 772 1857 812 canonicis
1877 774 1918 811 et
1939 784 2005 812 sa-

386 839 638 879 cerdotibus
667 838 888 885 nonnulli,
921 838 997 888 qui
1027 838 1159 877 etiam
1190 839 1441 876 nostrorum
1472 837 1672 888 exemplo
1701 837 1756 876 ad
1783 849 1871 876 rem
1893 837 2006 876 diui-

386 915 489 943 nam
519 904 792 954 frequentius
823 902 1067 942 faciendam
1096 904 1138 941 et
1168 901 1330 941 rectius
1378 902 1670 952 peragendam
1718 901 1764 940 in
1797 901 2006 941 omnibus

386 969 666 1008 vehementer
694 969 955 1008 excitantur.
990 967 1087 1006 Itali
1120 967 1243 1006 breui
1265 967 1319 1006 ad
1340 966 1662 1006 confessionem
1686 966 1873 1013 venturi,
1892 966 2007 1005 inter

385 1044 497 1084 quos
525 1032 705 1083 quidam
738 1032 960 1072 infernum
1008 1043 1095 1070 non
1131 1031 1331 1079 credidit,
1363 1033 1406 1070 et
1435 1031 1533 1070 ideo
1562 1043 1586 1070 a
1617 1031 1708 1070 Deo
1737 1031 1941 1070 homines
1969 1038 1987 1056 a

385 1098 524 1137 factos
570 1097 697 1145 dixit,
747 1097 852 1148 quia
899 1107 1031 1147 opera
1061 1096 1239 1135 illorum
1271 1095 1481 1146 indigerit
1511 1095 1621 1148 [sic].
1655 1095 1829 1134 Habent
1857 1097 1900 1134 et
1928 1095 2003 1147 alij

385 1162 521 1202 huius
549 1162 760 1212 temporis
789 1173 971 1201 errores.
1005 1160 1190 1200 Scholae
1220 1160 1405 1200 necdum
1437 1160 1635 1211 inceptae
1665 1162 1783 1200 sunt.
1827 1160 2004 1199 Interim

384 1229 531 1267 tamen
561 1226 817 1266 Anthonius
847 1226 1035 1265 Flander
1064 1227 1075 1249 1
1109 1225 1389 1264 Rhetoricam
1419 1225 1473 1264 ad
1497 1224 1769 1264 Herennium
1790 1236 1889 1264 cum
1911 1236 2006 1263 ora-

385 1291 583 1331 tionibus
612 1290 835 1331 Ciceronis
864 1290 1007 1340 coepit
1036 1289 1229 1340 profiteri
1278 1301 1438 1340 magno
1481 1301 1580 1329 cum
1610 1289 1842 1329 desiderio.
1873 1288 2007 1328 Scho-

384 1355 527 1395 lastici
557 1355 691 1395 simul
721 1366 771 1394 ac
799 1354 920 1394 ciues
950 1356 1201 1393 nostrorum
1232 1354 1473 1393 aduentum
1504 1353 1735 1393 nobiscum
1757 1354 2002 1404 expectant,

384 1420 461 1471 qui
491 1432 640 1460 mense
669 1419 871 1470 sequenti
902 1419 1026 1467 forte,
1059 1419 1149 1458 Deo
1179 1420 1369 1465 fauente,
1401 1419 1603 1466 aderunt,
1654 1417 1726 1457 vbi
1766 1418 1893 1468 plura
1924 1417 2005 1457 Do·

386 1485 549 1532 minus,
582 1486 627 1523 vt
655 1496 797 1535 spero,
834 1483 1065 1523 scribenda
1113 1485 1332 1533 suggeret.
1363 1483 1400 1522 si
1431 1485 1578 1522 tamen
1609 1483 1659 1522 R.
1694 1483 1740 1522 P.
1773 1482 1821 1521 Τ.
1853 1484 1895 1521 et
1926 1494 2004 1533 pro

385 1549 583 1600 indignis
613 1549 718 1600 filijS
748 1548 842 1588 suis
872 1560 921 1587 ac
950 1548 1124 1599 collegij
1175 1547 1310 1587 huius
1358 1547 1502 1587 foelici
1546 1559 1753 1587 successu
1783 1559 1882 1586 cum
1914 1547 2005 1589 vni-

384 1614 527 1654 uersis
558 1613 764 1652 Patribus
793 1624 843 1652 ac
873 1612 1102 1652 Fratribus
1131 1623 1408 1651 communem
1449 1612 1679 1651 Parentem
1726 1611 1904 1651 assidue
1933 1611 2004 1650 de-

385 1680 560 1730 precata
590 1678 735 1718 fuerit.

490 1743 612 1783 Vale.
646 1742 898 1793 Tyrnauiae
927 1754 979 1781 ex
1008 1741 1194 1792 collegio
1233 1741 1598 1792 archiepiscopali
1647 1741 1787 1792 pridie
1833 1740 2001 1780 calend.

386 1807 588 1848 Octobris
619 1808 734 1848 1561.

1136 2005 1249 2056 585

753 2148 805 2198 Ρ.
864 2147 1249 2197 GULIELMUS
1306 2147 1617 2197 ELDEREN

891 2294 1079 2321 AUGUSTA
1106 2294 1330 2320 SEPTEMBRI
1361 2284 1446 2320 1561
1473 2284 1498 2320 ².

380 2406 432 2444 P.
469 2405 680 2444 Cam’sz‘us
710 2417 807 2443 cum
855 2404 1070 2454 epistulae
1110 2404 1286 2442 auctore
1324 2405 1363 2442 et
1402 2405 1454 2442 P.
1498 2403 1704 2441 Hurtado
1742 2402 1878 2440 Perea
1916 2403 2003 2441 Au-

483 2470 640 2520 gustae
670 2470 923 2508 versantur.
942 2469 995 2506 P.
1032 2468 1255 2517 Canisius,
1273 2469 1427 2506 comite
1450 2469 1500 2506 P.
1535 2468 1733 2517 Lanoyo,
1752 2468 2001 2515 Austriam,

486 2534 759 2579 Bohemia'm,
782 2534 1030 2571 Bavariam
1055 2534 1330 2582 peragravit,
1366 2532 1596 2571 Societatis
1617 2532 1802 2581 collegia
1831 2532 2000 2579 invisit,

484 2611 584 2637 cum
598 2598 887 2637 Ferdz'nando
908 2597 1094 2636 Caesare
1115 2597 1164 2635 de
1184 2597 1397 2646 gravibus
1415 2597 1544 2635 rebus
1561 2597 1662 2646 eeq‘it.
1682 2596 2002 2634 Ferdinandns

438 2753 457 2771 a
480 2744 563 2777 Del.
588 2752 682 2776 esse.

443 2880 453 2897 ¹
479 2878 570 2911 Vide
592 2878 688 2911 Litt.
717 2877 922 2917 Quadrim.
948 2877 1007 2917 VI,
1032 2877 1104 2915 608,
1129 2878 1244 2909 annot
1269 2878 1297 2909 1.

440 2934 453 2951 2
476 2931 631 2972 Autogr.
657 2931 695 2962 in
719 2931 797 2962 cod.
826 2930 953 2962 Germ.
979 2929 1063 2967 139,
1086 2929 1122 2962 ff.
1157 2931 1271 2965 98-992
1297 2931 1401 2971 prius
1427 2930 1558 2962 130-131
1594 2930 1770 2970 (118-119).
1806 2929 1913 2961 Edita
1945 2930 2000 2960 est

378 2983 451 3016 fere
474 2984 619 3025 integra
642 2993 663 3016 a
686 2984 722 3016 P.
749 2983 1024 3024 Braunsberger
1047 2983 1085 3014 in
1119 2983 1162 3015 B.
1188 2983 1297 3014 Petri
1324 2982 1481 3015 Cafnfisiz·
1503 2983 1707 3024 Epistulae
1741 2984 1776 3014 et
1799 2982 1907 3018 Acta,
1937 2982 1998 3020 ΙΙΙ,

377 3037 503 3068 597-99.
528 3036 612 3069 Ideo
635 3037 717 3068 eius
742 3037 888 3068 tantum
913 3044 1093 3067 summam
1117 3035 1177 3067 hic
1201 3035 1432 3068 exhibemus.
