2099 3516
479 284 560 320 613.
588 301 631 307 -
658 283 940 321 VALLISOLETO
966 284 989 319 6
1016 283 1208 322 IANUARH
1238 287 1328 322 1562
1610 284 1678 321 713

100 414 295 454 laborem
325 413 401 465 alij
443 414 545 453 inde
589 415 906 466 fatigatsssimi,
948 416 1024 468 alij
1070 416 1201 456 laessi
1246 416 1496 456 recederent
1525 417 1554 455 ¹,
1606 416 1727 454 Inter

99 479 212 518 alias
240 478 388 518 clades
416 490 529 529 quas
560 480 629 519 uir
657 480 839 531 quidam
861 482 1042 532 accepit,
1065 494 1115 521 ea
1138 482 1329 521 maxima
1351 480 1450 527 fuit,
1474 480 1593 531 quod
1615 492 1727 519 uxor

99 555 199 584 cum
230 543 462 583 nonnullis
508 544 615 595 filijs
663 545 755 584 illic
798 546 930 586 fuerit
959 548 1213 593 combusta;
1246 546 1364 597 quod
1395 547 1568 584 tantum
1599 556 1727 595 argu-

100 610 298 648 mentum
341 609 554 648 moeroris
597 609 695 657 fuit,
727 612 775 649 ut
820 611 912 650 uita
955 611 1137 651 destitui
1183 611 1429 650 uideretur:
1472 610 1546 649 sed
1579 611 1726 648 tamen

99 673 254 713 diuina
297 685 379 724 ope
425 673 564 713 fretus
593 681 610 700 ἃ
648 675 774 714 Pater
823 676 980 715 Rector
1009 677 1064 715 ab
1094 688 1143 715 ea
1173 675 1310 715 animi
1359 674 1636 726 aegritudine
1666 673 1728 713 ita

100 738 228 778 illum
257 738 521 785 uindicauit‚
556 740 603 778 ut
632 739 795 780 diceret
844 741 1005 780 nullibi
1049 743 1238 780 mentem
1283 751 1409 779 suam
1440 739 1500 779 ita
1531 739 1726 790 quietam

99 814 209 851 esse,
241 804 289 843 ut
336 814 436 842 cum
484 802 530 842 in
578 803 660 843 hac
707 804 838 844 domo
869 807 1018 844 nostra
1049 817 1095 844 se
1125 817 1220 844 esse
1253 804 1563 855 persentiebat.
1597 803 1727 842 Alius

99 867 232 907 etiam
263 869 440 919 propter
459 880 640 919 grauem
663 881 805 908 rerum
830 882 1011 909 suarum
1043 870 1256 910 iacturam
1288 869 1306 895 b
1325 869 1385 908 ita
1406 880 1529 919 spem
1551 868 1725 920 abjecit,

102 934 149 972 ut
179 934 363 972 mortem
394 932 480 972 sibi
509 933 758 973 conciscere
788 942 802 960 ⁰
824 935 973 978 uellet.
997 935 1260 985 fecissetque
1281 935 1317 973 si
1339 934 1568 974 commoda
1599 933 1655 972 ad
1685 932 1729 972 id

100 997 166 1037 illi
196 998 414 1048 patefacta
443 1000 557 1038 esset
589 998 675 1038 uia.
709 998 817 1039 Cum
860 1000 1046 1050 primum
1090 1002 1234 1039 tamen
1266 1000 1321 1039 ad
1352 999 1497 1039 Patris
1528 997 1729 1038 Rectoris

99 1074 229 1103 aures
259 1063 303 1102 id
332 1063 550 1114 peruenit,
582 1064 751 1115 absque
793 1065 1076 1104 cunctatione
1119 1065 1173 1104 ad
1222 1065 1350 1104 illum
1394 1064 1617 1115 profectus
1646 1064 1726 1110 est,

100 1128 354 1180 placuitque
396 1128 577 1168 diuinae
626 1129 969 1172 misericordiae,
1002 1132 1050 1169 ut
1094 1130 1219 1170 illum
1265 1142 1289 1169 a
1333 1128 1639 1180 desperatione
1682 1127 1728 1166 in

99 1205 222 1244 spem
251 1193 451 1245 erigeret,
484 1196 812 1245 reuocaretque.
846 1194 1129 1245 Subsequuta
1176 1195 1327 1235 statim
1376 1194 1460 1234 fuit
1507 1193 1728 1245 generalis

98 1258 334 1307 confessio,
366 1259 442 1298 sed
473 1261 620 1298 tamen
649 1271 750 1299 cum
780 1260 925 1299 adhuc
947 1260 1069 1299 illius
1091 1260 1289 1300 animum
1312 1260 1496 1299 tentatio
1525 1259 1603 1298 illa
1634 1258 1730 1309 pul-

99 1324 230 1371 saret,
264 1324 435 1363 monitu
465 1324 610 1364 Patris
640 1324 855 1371 Rectoris,
879 1325 949 1364 cui
972 1325 1046 1364 ille
1076 1326 1130 1364 ad
1162 1327 1319 1380 nutum
1351 1325 1546 1376 parebat,
1579 1323 1727 1363 statim

99 1388 221 1428 illam
271 1389 512 1438 reuelabat‚
544 1390 599 1429 ad
646 1390 972 1441 collegiumque
1020 1393 1236 1437 nostrum,
1268 1391 1392 1430 uelut
1435 1390 1489 1430 ad
1519 1389 1728 1441 asyllum,

100 1453 233 1493 etiam
262 1454 416 1494 relicto
445 1455 649 1506 prandio,
681 1455 768 1495 sibi
798 1455 816 1481 d
837 1467 887 1495 ea
922 1456 1099 1495 concuti
1129 1456 1362 1495 accidisset
1383 1463 1398 1481 Θ
1419 1454 1726 1506 confugiebat3

100 1519 252 1571 sicque
281 1519 387 1559 huic
416 1520 570 1560 morbo
601 1532 691 1560 non
722 1532 850 1572 aegre
880 1520 893 1546 f
916 1521 1236 1560 medicamenta
1266 1523 1371 1560 sunt
1400 1519 1616 1560 adhibita.

180 1585 219 1625 9.
252 1585 541 1625 Xenodochia
571 1586 704 1625 solito
726 1586 987 1626 inuisuntur
1009 1598 1142 1633 more,
1167 1586 1285 1636 quod
1316 1586 1362 1625 in
1394 1597 1599 1636 magnam
1629 1595 1731 1623 con-

100 1649 362 1690 solationem
394 1651 719 1702 aegrotantium
740 1652 868 1692 cedit.
891 1651 1000 1691 Cum
1022 1652 1265 1691 nonnullae
1288 1662 1500 1702 personae
1530 1649 1730 1700 insignes

100 1716 143 1755 et
171 1716 270 1767 piae
300 1716 562 1756 didicissent
592 1717 766 1756 Patrem
796 1718 1019 1756 doctorem
1052 1718 1228 1756 Petrum
1264 1716 1493 1757 Sanctium
1523 1715 1568 1755 in
1599 1726 1731 1754 xeno-

101 1780 311 1820 dochium
342 1781 568 1832 quoddam
595 1781 788 1833 singulis
820 1782 943 1821 festis
974 1782 1207 1833 proficisci,
1237 1784 1285 1821 ut
1317 1780 1563 1821 doctrinam
1593 1779 1732 1819 chris-

99 1845 269 1885 tianam
315 1847 540 1894 enodaret,
572 1849 874 1899 sterneretque
917 1847 1066 1895 lectos,
1115 1849 1214 1895 etc„
1247 1846 1489 1886 nonnullas
1519 1845 1731 1897 pecunias

100 1913 353 1962 coegerunt,
386 1914 434 1952 ut
465 1924 709 1964 pauperum
754 1913 946 1961 miseria,
974 1924 1088 1964 quae
1118 1913 1211 1952 illic
1240 1914 1332 1952 erat
1362 1924 1453 1951 non
1482 1923 1637 1962 parua,
1670 1910 1730 1950 le-

101 1978 296 2017 naretur.

182 2042 245 2082 10.
278 2042 442 2082 Munus
471 2043 583 2083 illud
614 2046 816 2084 nostrum
846 2044 1033 2083 docendi
1063 2043 1310 2083 doctrinam
1340 2042 1631 2082 christianam
1657 2053 1732 2092 per

101 2106 236 2146 calles
265 2109 307 2146 et
335 2108 528 2159 compita
558 2108 605 2147 in
634 2108 729 2148 dies
759 2108 902 2159 magis
932 2111 997 2148 est
1027 2111 1270 2159 acceptum,
1302 2119 1392 2147 non
1435 2107 1582 2146 solum
1613 2106 1732 2157 apud

102 2171 313 2223 plebeios,
345 2173 422 2212 sed
469 2173 599 2213 etiam
645 2174 763 2224 apud
808 2174 1018 2225 primates
1068 2174 1202 2214 uiros.
1236 2173 1298 2212 Ex
1341 2172 1552 2224 opinione
1581 2172 1729 2219 etiam,

101 2248 234 2288 quam
265 2237 318 2277 de
347 2237 564 2278 Societate
594 2247 612 2273 g
643 2239 823 2287 habent,
856 2239 1054 2279 nascitur
1084 2241 1131 2278 ut
1161 2239 1198 2278 si
1229 2250 1342 2290 quae
1385 2238 1485 2278 lites
1515 2239 1557 2277 et
1582 2236 1732 2289 Jurgia

102 2302 266 2343 fuerint
286 2304 484 2352 suborta,
504 2304 669 2352 statim,
689 2307 942 2344 nostrorum
966 2305 1146 2344 Patrum
1162 2304 1424 2344 auctoritate
1453 2302 1729 2354 interposita,

101 2371 440 2420 componantur,
474 2372 522 2410 ut
551 2382 671 2410 nunc
702 2371 893 2422 primum
925 2371 1088 2410 factum
1127 2372 1192 2409 est
1227 2370 1342 2409 inter
1384 2380 1566 2408 uxorem
1596 2370 1638 2407 et
1668 2367 1732 2407 ui-

103 2446 200 2473 rum
229 2435 306 2486 qui
351 2435 412 2475 ita
455 2436 747 2484 dissidebant,
780 2438 830 2476 ut
872 2448 949 2487 per
991 2438 1088 2475 octo
1132 2446 1350 2474 annorum
1391 2434 1584 2485 spatium
1615 2433 1733 2472 intra

102 2498 219 2538 idem
249 2501 412 2540 tectum
442 2501 599 2552 degere
629 2513 719 2541 non
751 2502 1014 2552 potuissent.
1040 2500 1303 2541 Conuicerat
1323 2499 1456 2538 etiam
1478 2498 1596 2538 alius
1627 2509 1733 2538 uxo-

102 2575 193 2603 rem
223 2564 276 2604 de
305 2565 540 2614 adulterio,
572 2578 622 2606 ac
652 2567 837 2617 proinde
867 2567 914 2606 in
944 2579 1023 2606 sua
1056 2578 1188 2605 manu
1220 2565 1355 2605 situm
1377 2566 1471 2604 erat
1499 2564 1623 2603 illam
1654 2575 1733 2614 pu·

102 2629 216 2669 hlice
244 2630 465 2679 occidere;
499 2632 576 2671 sed
623 2634 771 2671 tamen
818 2644 917 2671 cum
964 2632 1093 2671 Pater
1140 2631 1322 2682 quidam
1366 2630 1419 2669 de
1449 2641 1494 2669 re
1523 2629 1601 2668 illa
1631 2640 1731 2668 cum

164 2833 182 2852 a
205 2825 346 2858 fractus
379 2826 425 2859 A.
471 2845 511 2849 —
534 2827 552 2853 b
583 2827 795 2868 Jactuarum
820 2827 864 2860 A.
893 2846 933 2850 —-
957 2836 970 2854 c
992 2827 1153 2859 concisci
1192 2826 1234 2858 B.
1260 2845 1299 2848 —
1321 2825 1339 2851 d
1362 2825 1429 2857 Sic
1463 2833 1534 2857 ms.
1580 2823 1732 2856 Sensus

102 2879 263 2912 videtur
288 2880 496 2921 postulare
520 2881 597 2913 ubi.
626 2899 665 2904 —
690 2889 705 2907 e
726 2881 908 2913 accidisse
930 2881 976 2913 A.
994 2900 1033 2903 —
1058 2881 1071 2906 s
1095 2889 1179 2921 egre
1202 2879 1248 2912 A.
1274 2898 1313 2901 -
1336 2887 1355 2913 g
1375 2877 1613 2911 SotietateA.

167 3076 178 3094 ¹
200 3075 250 3107 De
274 3074 343 3107 hoc
366 3075 539 3107 incendio
562 3075 641 3116 agit
664 3075 899 3113 SANGRADOR,
924 3075 947 3107 l.
973 3084 1002 3108 c.
1029 3084 1064 3116 p.
1089 3075 1150 3106 394
1173 3083 1253 3115 sqq.
