2099 3516
391 256 464 291 270
866 254 1070 290 LITTERAE
1105 253 1449 297 QUADmMEs'rREs

345 374 481 413 darne
510 373 552 412 13
581 373 719 423 colpa,
749 373 872 423 parte
900 372 943 410 al
971 371 1083 417 1060,
1115 369 1195 409 6116
1223 380 1313 408 non
1342 369 1365 408 6
1395 368 1531 407 1110110
1560 367 1740 418 grande,
1771 368 1813 406 et
1842 368 1964 418 parte

345 436 738 477 all’insufficienza
784 438 827 475 et
885 435 1116 474 debolezza
1162 432 1233 472 d'i
1281 432 1488 473 ministri.
1531 432 1582 471 Et
1624 431 1827 470 aecioche
1869 442 1966 482 rap-

347 502 563 553 portiamo
592 513 669 552 per
696 500 943 541 l'auuenire
973 498 1173 549 maggior
1201 498 1336 538 frutto
1369 498 1482 537 delle
1519 496 1681 536 fatiche
1718 497 1881 543 nostre,
1925 494 1965 535 ci

345 578 455 606 sono
484 565 730 605 necessarie
759 566 799 604 le
832 576 910 604 sue
947 564 1004 602 da
1037 563 1112 602 noi
1159 561 1532 602 desideratissime
1578 560 1784 607 orationi,
1832 562 1874 599 et
1920 559 1965 599 di

345 631 447 670 tutti
478 630 491 669 i
540 630 670 670 Padri
705 632 747 669 et
794 628 970 675 fratelli,
1019 628 1089 667 del
1131 628 1211 667 che
1240 627 1283 666 13
1330 626 1586 678 preghiamo
1632 626 1963 672 sommamente‚

346 695 568 746 pregando
589 694 764 735 Christo
785 693 866 733 Sfe
895 694 1062 739 nostro,
1085 694 1256 731 auttore
1285 691 1329 730 di
1360 690 1462 731 tutti
1492 690 1506 729 i
1536 690 1653 737 beni,
1675 690 1755 730 6116
1774 689 1813 728 51
1833 688 1965 740 degni

345 759 625 810 longamente
672 769 936 798 conseruare
977 757 1023 796 V.
1058 757 1104 797 P.
1153 768 1261 795 sana
1291 758 1333 795 et
1379 755 1426 795 in
1455 757 1569 795 stato
1598 755 1678 794 ohe
1725 765 1856 805 possa
1902 765 1967 792 se-

345 824 487 863 condo
516 824 547 863 il
578 824 723 863 volere
744 822 788 861 di
818 834 900 861 sua
929 822 1093 861 Maesta
1128 832 1371 872 gouernare
1400 821 1555 871 questa
1576 831 1657 859 sua
1677 817 1963 869 Compagnia.

346 888 440 928 Stia
469 900 592 929 53113.
623 888 679 927 Al
709 886 851 937 primo
881 886 925 925 di
955 886 1130 937 Maggio
1152 886 1267 924 1561.
1304 885 1370 924 Da
1398 883 1769 934 Montepuloiano.

454 954 537 993 Per
566 952 724 992 ordine
754 951 824 991 del
854 951 904 991 R.
935 951 982 990 P.
1016 953 1175 990 rettore
1196 952 1224 998 1,
1258 949 1442 988 minimo
1471 950 1514 988 et
1547 948 1739 999 indegno
1768 947 1813 987 in
1835 946 1965 987 Chro.

346 1018 561 1069 figliuolo.

1333 1078 1433 1118 G10.
1466 1078 1600 1117 ΒΑΤΤ.
1632 1077 1799 1117 VITALE
1827 1078 1858 1117 2.

1108 1334 1207 1384 515

768 1488 820 1538 P.
886 1487 1178 1537 THOMAS
1243 1485 1545 1536 RAGGIUS

935 1635 1039 1660 NOLA
1070 1625 1085 1660 1
1116 1635 1206 1660 MA11
1240 1624 1327 1659 1561
1356 1624 1380 1659 3.

344 1762 382 1796 1.
414 1757 645 1796 Sociorum
675 1769 906 1795 numerus.
944 1755 1172 1794 Carzditati
1204 1756 1318 1793 laus.
1356 1754 1574 1793 Cousueta
1603 1766 1710 1803 erga
1735 1755 1968 1803 proximos

452 1823 709 1860 ministeria
739 1822 1012 1860 ewerceutur.
1029 1821 1098 1858 Ad
1127 1821 1339 1858 viciniam
1362 1820 1635 1858 excurritur.
1662 1819 1851 1865 Quidam
1873 1819 1969 1857 ludi

452 1887 667 1937 ‘nesay‘ister
714 1887 977 1925 nostrarm‘n
1025 1885 1281 1924 scholarum
1340 1885 1453 1934 16965
1499 1885 1676 1922 imitari
1730 1884 1965 1922 contendit.

457 1952 622 2001 Templi
653 1952 842 1990 ornatus
872 1952 919 1988 in
948 1950 1219 1988 hebdomada
1248 1950 1417 1988 sancta.
1468 1949 1665 1988 Curatur
1710 1949 1760 1986 ut
1788 1949 1969 1986 iuvenes

451 2018 654 2055 ecclesiae
679 2017 883 2055 ministri
914 2016 970 2054 ad
998 2016 1283 2054 sacramenta
1311 2015 1564 2064 frequenter
1585 2014 1806 2052 accedant.
1829 2014 1968 2052 Paces

455 2082 682 2120 inemztur.
727 2081 969 2129 Reliysiosis
998 2081 1179 2129 feminis
1227 2079 1523 2117 succurritur.
1556 2079 1804 2127 Impatiens
1850 2078 1969 2116 scho-

454 2147 639 2185 lasticus
662 2158 745 2195 per
773 2145 963 2184 iudicem
988 2145 1197 2194 punitur.
1230 2166 1279 2170 -—
1310 2147 1351 2182 2.
1380 2144 1555 2181 Altaris
1585 2143 1850 2181 ornamenta
1883 2142 1968 2180 col-

453 2212 563 2261 legio
594 2211 837 2249 donantur.
887 2210 1059 2248 Hortus
1103 2209 1336 2247 arboribus
1374 2209 1638 2247 conseritur.
1689 2208 1967 2257 Impluvium

451 2276 655 2314 ornatur.
688 2274 883 2317 Societas
914 2274 1033 2324 apud
1062 2275 1175 2312 cives
1205 2275 1253 2311 in
1282 2273 1447 2311 honore
1475 2272 1674 2310 habetur.

427 2409 461 2447 1.
495 2409 629 2447 Molto
651 2407 805 2447 Reu.d0
824 2408 916 2447 Pre.
943 2408 1033 2446 Pax
1055 2407 1155 2457 Xpi.
1180 2409 1260 2446 etc.
1286 2405 1448 2456 Questa
1470 2406 1569 2445 5313
1590 2418 1666 2456 per
1686 2404 1967 2456 ragguaglia-

346 2486 390 2512 re
422 2474 470 2513 V.
496 2474 543 2512 P.
578 2474 647 2518 R..
679 2473 870 2512 secondo
900 2472 931 2511 il
961 2472 1108 2518 solito,
1140 2472 1184 2511 di
1215 2471 1317 2522 quel
1347 2472 1426 2510 6116
1456 2471 1694 2510 habbiamo
1723 2471 1796 2509 dal
1827 2470 1967 2521 primo

345 2538 387 2577 di
411 2538 611 2578 Gennaio
643 2549 720 2588 per
748 2537 819 2577 sin
853 2537 927 2576 all'
944 2537 1214 2576 infrascritto
1245 2536 1415 2587 giorno.
1440 2535 1490 2574 Li
1520 2535 1659 2575 nostri
1681 2547 1791 2574 sono
1812 2535 1967 2586 quanti

345 2603 501 2642 l'altra
531 2602 668 2649 uolta,
700 2602 793 2641 cioe
825 2601 917 2648 XV,
950 2613 1039 2640 non
1082 2601 1303 2640 contando
1347 2612 1408 2640 un
1451 2600 1623 2639 nouitio
1665 2600 1745 2639 6116
1787 2611 1895 2650 poco
1925 2599 1968 2639 fa

346 2678 489 2705 uenne
519 2667 562 2705 di
593 2666 751 2717 Napoli
780 2668 820 2704 et
851 2666 922 2704 mo
952 2667 1020 2704 513
1063 2665 1182 2704 nella
1224 2665 1415 2704 seeonda
1458 2664 1731 2715 probatione,
1762 2663 1968 2703 hauendo

408 2861 417 2876 ¹
442 2859 478 2891 P.
504 2859 660 2890 Ioannes
691 2858 885 2891 Gambaro.

407 2914 418 2930 2
444 2912 534 2944 Vide
557 2912 652 2944 Litt.
682 2911 889 2951 Quadrima.
914 2910 973 2950 VI,
1000 2912 1049 2942 11.

408 2967 420 2984 ³
445 2965 497 2996 Ex
521 2966 665 3006 autogr.
691 2965 730 2996 in
754 2964 878 2996 codice
899 2964 1024 3005 Neop.
1049 2964 1133 3000 193.
1158 2964 1194 2996 ff.
1218 2964 1268 3000 49,
1293 2964 1334 2995 50
1355 2964 1456 3004 (348).
1481 2963 1575 2996 Sunt
1598 2963 1671 2995 duo
1694 2963 1768 2994 alia
1803 2962 1970 3004 exempla

346 3018 436 3049 itala
460 3018 499 3049 in
522 3017 557 3050 ff.
583 3018 640 3056 44;
665 3018 779 3056 47-48;
804 3018 840 3049 et
863 3017 936 3049 duo
960 3017 1047 3049 item
1071 3017 1189 3049 latina
1212 3017 1251 3048 in
1274 3016 1309 3049 ff.
1334 3017 1446 3056 45-463
1470 3017 1577 3049 51-52.
