2099 3516
501 223 581 259 531.
609 245 653 249 -
681 223 1037 260 CAESARAUGUSTA
1067 223 1110 258 19
1136 222 1235 259 MAII
1264 223 1352 258 1561
1625 224 1692 260 337

117 341 266 392 pueris
285 341 547 392 explicatur,
571 341 983 392 xenodochiumque
1004 340 1279 380 infirmorum
1303 343 1345 380 et
1366 341 1543 392 publica
1565 354 1737 382 reorum

113 405 332 452 custodia,
365 407 411 444 vt
452 407 597 453 antea,
647 406 709 444 ita
751 408 792 444 et
836 417 955 444 nunc
998 405 1177 456 saepius
1220 405 1494 445 inuisuntur.
1541 406 1741 458 Singulis

115 469 407 509 hebdomadis
436 469 533 520 ipso
564 470 610 509 in
639 481 810 510 carcere
839 469 1094 509 concionem
1118 470 1251 509 habet
1282 482 1395 509 Vnus
1424 482 1477 509 ex
1508 471 1738 512 Patribus:

113 536 248 586 atque
276 534 466 574 audiunt
495 535 660 575 ibidem
690 535 930 574 multorum
961 535 1263 574 confessiones
1293 535 1460 583 Patres,
1492 547 1654 587 eosque
1675 548 1741 576 co-

116 599 332 638 mitantur
359 599 437 650 qui
466 602 662 639 extremo
705 599 925 650 supplicio
959 599 1229 639 afficiuntur.
1263 599 1381 639 Haec
1424 600 1521 650 ipsa
1563 601 1741 651 quidem

113 665 329 715 obsequia
358 665 449 704 Deo
479 667 603 716 grata
633 676 729 704 esse
757 664 1038 712 confidimus,
1061 665 1324 716 animosque
1353 665 1506 716 populi
1537 677 1626 705 non
1657 677 1743 705 me-

113 729 324 768 diocriter
352 729 676 769 confirmantia.

194 794 232 834 6.
267 794 396 834 Pater
425 795 605 846 quidam
635 794 828 845 singulis
857 794 1014 834 diebus
1035 795 1272 834 dominicis
1302 795 1348 834 in
1377 795 1560 834 ecclesia
1591 798 1742 835 nostra

112 859 412 898 ecclesiastem
443 859 549 909 agit,
582 860 746 911 populo
779 859 890 899 satis
919 861 1095 911 gratus;
1128 860 1239 899 alter
1271 872 1370 900 cum
1402 860 1535 899 fratre
1564 860 1743 911 saepius

116 923 280 963 missus
309 926 375 963 est
406 924 736 975 (inquisitorum
777 924 909 964 etiam
940 925 1172 964 accedente
1202 925 1478 975 auctoritate)
1511 925 1566 964 ad
1595 925 1743 964 varios

117 990 319 1040 populos,
362 992 406 1029 vt
443 990 735 1030 concionibus
768 992 810 1029 et
847 987 1074 1029 doctrinae
1118 990 1388 1030 christianae
1431 991 1740 1042 explicatione,

116 1054 252 1106 hujus
273 1055 396 1106 regni
414 1055 649 1106 neophitos
665 1055 969 1094 informarent.
996 1055 1220 1094 Hactenus
1241 1058 1533 1107 peragrarunt
1556 1052 1743 1106 populos

116 1120 333 1159 nobilium
365 1120 676 1172 quorumdam,
713 1120 790 1171 qui
824 1122 865 1159 et
902 1120 1228 1169 beneuolentia,
1264 1122 1306 1160 et
1337 1121 1490 1160 multis
1520 1120 1744 1172 beneficijs

112 1185 168 1224 de
197 1185 328 1224 nobis
369 1185 534 1236 optime
577 1187 856 1232 meruerunt;
890 1185 1020 1224 modo
1064 1196 1166 1224 vero
1211 1188 1444 1225 versantur
1486 1186 1531 1225 in
1566 1185 1744 1236 oppidis

112 1250 242 1290 ducis
271 1251 635 1290 Villaeformosae
665 1253 694 1298 ¹,
726 1251 803 1302 qui
833 1262 940 1290 sane
970 1262 1061 1290 rem
1091 1251 1281 1290 multum
1320 1251 1575 1302 expetierat,
1612 1254 1744 1302 atque

115 1316 448 1367 efflagitauerat,
471 1327 815 1367 concessamque
846 1318 891 1355 vt
920 1315 1220 1366 gratissimam
1243 1316 1424 1356 admisit
1453 1324 1485 1357 a.
1518 1317 1648 1355 Pater
1668 1316 1743 1356 ille

113 1381 308 1433 singulis
351 1382 439 1422 fere
481 1381 640 1421 diebus
681 1381 986 1428 concionatur,
1021 1383 1063 1420 et
1106 1381 1241 1420 frater
1286 1382 1452 1421 eisdem
1496 1382 1742 1421 doctrinam

112 1447 329 1498 explicat:
362 1447 532 1487 fructus
562 1458 669 1486 sane
700 1446 948 1486 vberrimus
991 1446 1094 1486 inde
1138 1446 1393 1497 percipitur,
1425 1447 1502 1498 qui
1546 1459 1637 1486 non
1669 1458 1743 1498 pa-

117 1524 212 1552 rum
243 1512 510 1563 populorum
541 1512 746 1552 dominos
776 1512 1034 1552 consolatur
1063 1512 1199 1552 simul
1228 1514 1269 1552 et
1298 1512 1514 1552 aedificat.
1652 1510 1654 1513 ’

195 1578 232 1617 7.
266 1577 480 1628 Tempore
504 1577 871 1629 quadragesimae
892 1577 1050 1628 ingens
1071 1577 1155 1616 fuit
1175 1577 1439 1628 omnigenae
1460 1577 1605 1628 gentis
1625 1578 1742 1628 apud

115 1655 197 1683 nos
226 1643 557 1683 confessionum
589 1655 823 1689 numerus;
857 1643 902 1682 in
933 1655 1067 1682 causa
1098 1643 1182 1682 fuit
1210 1645 1305 1682 tum
1331 1642 1633 1693 operariorum
1666 1655 1743 1682 nu-

115 1719 263 1747 merus
291 1710 464 1754 auctus,
496 1710 587 1747 tum
633 1708 764 1747 etiam
809 1708 927 1759 quod
958 1708 1013 1747 ad
1042 1707 1316 1759 opinionem,
1347 1719 1479 1758 quam
1519 1707 1572 1747 de
1602 1707 1745 1747 Socie—

114 1775 204 1813 tate
247 1775 399 1812 nostra
441 1773 835 1824 caesaraugustani
879 1775 1187 1824 conceperant,
1221 1773 1369 1823 plures
1412 1772 1458 1811 in
1502 1773 1594 1812 dies
1637 1773 1746 1812 fiant

112 1838 405 1878 accessiones.
438 1838 499 1877 Eo
529 1841 723 1889 tempore
754 1840 1007 1877 nostrorum
1037 1838 1235 1878 studium
1267 1838 1351 1877 fuit
1384 1837 1576 1877 diuersis
1606 1838 1746 1877 homi-

116 1916 221 1944 num
244 1903 530 1955 conscientijs
559 1916 584 1942 a
618 1903 736 1954 vitiJ's
757 1903 959 1954 oppresis
979 1903 1190 1943 adhibere
1211 1903 1419 1950 remedia,
1442 1903 1545 1954 alijs
1565 1903 1744 1954 quidem

112 1969 261 2008 aliena
293 1969 645 2015 restituentibus,
677 1969 780 2020 aliJ's
811 1980 912 2008 vero
942 1968 1199 2008 occasiones
1242 1968 1408 2019 peccati
1452 1968 1742 2017 fugientibus,

115 2034 218 2086 alijs
247 2035 379 2074 etiam
410 2046 505 2074 sese
535 2047 558 2073 a
593 2034 727 2085 varijs
770 2034 1039 2085 labyrinthis
1081 2034 1417 2082 extricantibus,
1450 2033 1629 2073 diuersa
1671 2034 1745 2073 de-

116 2112 237 2140 mum
268 2099 371 2150 alijs
401 2099 648 2139 vitantibus
678 2099 809 2139 mala.
842 2098 1080 2139 Generales
1109 2099 1412 2138 confessiones
1433 2099 1612 2138 auditae
1641 2101 1746 2138 sunt

116 2165 349 2216 plurimae,
381 2167 423 2204 et
453 2165 660 2204 nonnulli
697 2164 964 2215 beneficiarij
1011 2165 1276 2211 sacerdotes,
1308 2164 1384 2215 qui
1416 2164 1582 2215 injuste
1611 2164 1744 2203 eccle-

116 2231 208 2270 siae
237 2230 436 2270 redditus
468 2230 768 2281 possidebant,
801 2230 1059 2281 temporalis
1087 2229 1307 2269 commodi
1337 2241 1440 2269 cura
1474 2230 1743 2280 posthabita,

111 2296 313 2348 justitiae
342 2307 392 2335 ac
425 2295 711 2346 conscientijs
753 2295 888 2334 simul
931 2295 1275 2342 consuluerunt3
1313 2307 1502 2346 quorum
1546 2295 1743 2345 quidam,

116 2363 249 2413 atque
278 2373 331 2400 ex
361 2361 464 2412 alijs
494 2372 582 2400 non
606 2360 734 2412 pauci
763 2360 819 2399 ad
855 2362 1032 2399 nostros
1074 2360 1347 2406 accedentes,
1380 2362 1524 2410 petere
1570 2360 1745 2399 veniam

116 2439 169 2467 ex
198 2427 255 2478 ijS
298 2426 457 2473 solent,
489 2437 603 2477 quae
645 2426 698 2465 de
738 2425 868 2465 nobis
912 2427 1042 2464 antea
1085 2425 1265 2464 sinistre
1303 2425 1636 2475 concipiebant:
1669 2424 1745 2475 qui

113 2492 311 2544 quidem,
342 2491 534 2543 cognitis
563 2491 651 2530 iam
682 2503 707 2530 a
736 2502 797 2539 se,
829 2502 942 2542 quae
971 2491 1262 2541 experiuntur
1290 2490 1337 2529 in
1367 2490 1547 2537 nostris⁷
1571 2501 1747 2540 suscep-

112 2560 248 2609 toque
294 2557 547 2596 animorum
593 2568 746 2596 eorum
793 2556 1133 2595 conuersatione
1180 2555 1417 2603 leuamine,
1450 2555 1747 2605 exprimentes

114 2622 236 2674 apud
265 2622 393 2670 alios,
425 2634 539 2674 quae
569 2633 688 2662 nunc
712 2621 926 2668 sentiunt,
950 2622 1158 2672 reparant
1187 2632 1252 2670 ea,
1276 2633 1389 2672 quae
1419 2632 1471 2659 ex
1502 2620 1593 2659 veri
1624 2620 1747 2671 igno—

116 2688 262 2728 rantia
292 2689 423 2727 antea
452 2687 524 2727 his
552 2687 776 2727 contraria
804 2687 1082 2727 dictitabant.

179 2844 198 2863 a
217 2835 356 2868 Praec.
380 2843 416 2868 v.
439 2835 602 2867 obscure
625 2836 850 2867 exaratum.

180 2963 188 2980 ¹
213 2960 397 2993 Martinus
420 2960 465 2992 de
488 2959 630 2993 Gurrea
645 2960 681 2992 et
696 2958 858 3001 Aragcsn,
883 2958 950 2992 Sti.
977 2959 1164 2992 Francisci
1181 2959 1225 2992 de
1244 2959 1354 3000 BorJa
1376 2958 1480 2991 levir.
1498 2957 1550 2990 Cf.
1567 2957 1607 2990 S.
1622 2956 1749 2989 Fran-

114 3014 251 3047 ciscus
273 3013 436 3055 Boryia,
461 3013 488 3054 I,
512 3014 585 3046 420.

190 3102 353 3131 Lxrmxmn
374 3102 651 3137 QUAanns'rREs.
673 3119 705 3122 —
725 3102 806 3130 Tou.
827 3102 895 3130 VII.
1256 3144 1261 3149 ι
1643 3101 1677 3128 22
