2099 3516
492 286 572 322 594.
601 304 643 309 —-
670 286 852 323 COLONIA
878 285 922 321 31
951 285 1186 322 DECEMBms
1215 286 1303 323 1561
1607 287 1677 323 615

90 404 147 445 ad
175 406 377 444 nostrum
407 404 644 455 collegium
679 405 878 445 scribens
917 405 1107 456 rogauit,
1151 406 1386 444 contentus
1417 406 1468 445 D.
1502 404 1723 445 Henricus

92 469 349 521 Dionysius,
382 469 650 509 intermissis
680 471 734 510 ad
765 473 940 521 tempus
974 469 1019 509 in
1060 470 1167 509 aede
1189 470 1531 520 metropolitana
1551 470 1723 509 concio-

91 535 240 584 nibus,
272 535 328 574 ad
357 535 496 574 illust.
529 534 683 574 ducem
715 548 760 575 se
790 535 988 575 conferre
1032 536 1177 575 vellet.
1226 536 1384 575 Postea
1431 547 1534 575 vero
1574 546 1724 574 mense

91 600 329 652 Nouembrj
361 600 415 639 ad
446 599 593 650 ipsum
625 600 674 640 D.
709 601 948 640 Henricum
989 601 1079 640 dux
1120 601 1272 640 literas
1311 600 1433 640 misit
1465 612 1627 651 magna
1656 599 1722 651 illj

90 665 322 717 pollicens,
353 667 397 705 et
425 665 552 705 ducis
581 668 731 705 orator
759 666 938 717 scripsit
967 666 1182 717 principis
1212 666 1410 705 animum
1434 666 1495 705 ita
1516 666 1721 705 affectum

90 742 201 777 esse,
224 732 269 769 vt
299 730 490 769 maxime
518 730 668 781 cupiat
698 732 875 771 scholas
903 731 1012 781 erigi
1036 731 1080 770 in
1103 731 1268 782 quibus
1300 730 1510 770 iuventus
1531 742 1555 769 3
1577 730 1724 770 Socie-

91 797 178 835 tate
207 795 447 835 erudiatur.
479 795 675 834 Tandem
705 796 795 836 dux
826 796 921 847 ipse
952 796 1180 837 Coloniam
1220 796 1354 839 venit.
1388 796 1648 847 rogavitque
1670 795 1721 836 D.

91 860 332 900 Henricum
361 862 409 899 vt
439 860 580 911 primo
601 873 779 912 quoque
802 864 997 912 tempore
1018 874 1064 901 se
1086 861 1235 901 itineri
1257 861 1519 912 accingeret.
1543 862 1584 900 et
1605 860 1724 900 auri-

90 937 190 976 gam
211 937 310 965 cum
333 925 470 965 rheda
490 925 596 974 (alio
618 926 733 965 enim
758 926 853 977 ipse
875 927 1098 975 tendebat)
1123 927 1256 966 iussit
1277 926 1493 976 tantisper
1514 925 1725 966 Coloniae

90 990 284 1038 haerere,
329 990 540 1030 adiuncto
583 990 758 1030 itineris
801 992 960 1031 comite
1004 992 1145 1032 nobili
1180 992 1370 1043 quodam
1406 991 1499 1031 viro
1530 991 1725 1031 familiae

89 1067 211 1103 suae,
243 1055 391 1106 quoad
434 1055 564 1095 Pater
606 1056 660 1095 ad
707 1057 789 1095 iter
831 1059 1014 1108 paratus
1056 1059 1185 1096 esset.
1234 1057 1386 1108 Itaque
1424 1056 1620 1096 secundo
1655 1056 1726 1096 die

90 1120 344 1161 Decembris
372 1133 471 1161 cum
505 1133 590 1161 vno
620 1133 674 1161 ex
704 1122 916 1162 fratribus
947 1123 1112 1162 nostris
1143 1124 1155 1147 ³
1187 1125 1229 1162 et
1257 1134 1357 1162 cum
1397 1123 1589 1174 quodam
1620 1122 1726 1162 alte-

90 1186 184 1226 rius
213 1186 433 1238 gymnasii
455 1186 631 1233 lectore‚
656 1187 761 1226 hinc
784 1188 1006 1238 profectus
1036 1190 1116 1227 est.
1150 1188 1201 1227 Et
1232 1200 1285 1227 ne
1316 1187 1510 1239 populus
1540 1187 1726 1239 grauius

90 1251 221 1291 ferret
254 1251 300 1292 D.
335 1251 514 1291 Henrici
559 1252 891 1303 profectionem.
940 1253 1341 1293 reuerendissimus
1381 1255 1530 1292 noster
1559 1252 1727 1293 archie-

90 1316 300 1368 piscopus
330 1317 376 1356 in
396 1316 494 1357 eius
514 1317 659 1357 locum
691 1318 1025 1369 suffraganeum
1055 1330 1185 1358 suum
1207 1320 1222 1342 2
1253 1318 1442 1366 suffecit,
1475 1318 1551 1369 qui
1582 1318 1726 1369 gratia

89 1383 130 1421 et
150 1381 352 1421 doctrina
372 1382 614 1433 plurimum
638 1383 768 1422 etiam
804 1383 932 1423 valet.
968 1384 1064 1427 Hic.
1097 1396 1235 1435 quum
1267 1384 1462 1435 primum
1492 1383 1720 1434 inciperet,

89 1449 131 1486 et
160 1459 206 1486 se
235 1447 283 1486 in
312 1447 458 1487 locum
489 1447 594 1487 dicti
627 1448 772 1487 Patris
802 1448 856 1487 ad
887 1450 1062 1499 tempus
1093 1449 1326 1489 suffectum
1361 1449 1525 1499 populo
1555 1449 1725 1488 denun-

88 1512 238 1560 uiaret,
262 1524 423 1563 magna
445 1513 491 1552 in
514 1513 592 1553 illo
612 1514 892 1564 amplissimo
915 1514 1146 1554 hominum
1168 1526 1380 1554 concessu
1405 1513 1500 1566 [sic]
1533 1514 1584 1554 D.
1610 1514 1728 1553 Hen-

90 1577 181 1617 rico
211 1578 390 1619 tribuit:
423 1581 465 1618 et
500 1579 636 1619 simul
679 1580 855 1631 rogauit
899 1592 954 1619 ne
999 1580 1161 1619 ferrent
1205 1581 1431 1620 auditores
1477 1579 1724 1627 molestius,

90 1655 193 1682 nam
222 1646 370 1684 essent
400 1645 653 1696 propediem
685 1645 811 1684 illum
845 1646 1060 1696 recepturi
1086 1646 1155 1685 vbi
1180 1646 1439 1685 inclinatam
1464 1645 1725 1696 religionem

89 1709 206 1760 apud
237 1709 593 1750 illustrissimum
637 1710 793 1750 ducem
839 1711 1063 1750 erexisset.
1113 1711 1230 1750 Haec
1271 1713 1390 1755 sunt.
1429 1711 1480 1750 R.
1515 1711 1581 1758 P..
1613 1722 1728 1761 quae

89 1774 323 1814 scribenda
361 1777 661 1815 occurrerunt.
709 1775 880 1816 Obnixe
925 1788 1134 1825 rogamus
1166 1779 1209 1815 vt
1239 1776 1407 1816 sanctis
1438 1776 1544 1824 tuis,
1576 1777 1618 1815 et
1648 1776 1729 1815 Pa-

89 1840 206 1879 trum
251 1851 301 1879 ac
349 1840 533 1880 fratrum
579 1841 785 1892 precibus
829 1843 871 1881 et
913 1841 1144 1881 sacrificiis
1187 1841 1426 1893 collegium
1469 1841 1728 1881 coloniense

90 1904 247 1945 iuuare
276 1906 474 1957 digneris
509 1919 598 1958 quo
637 1906 880 1958 aliquando
926 1907 1084 1946 messis
1128 1907 1305 1946 vberior
1348 1907 1394 1946 in
1438 1906 1518 1946 Dei
1567 1907 1727 1946 horrea

89 1970 342 2022 colligatur,
365 1973 407 2010 et
431 1974 474 2011 vt
503 1972 622 2011 Deus
643 1972 786 2012 oculis
817 1973 1146 2012 misericordiae
1179 1975 1339 2012 terram
1371 1971 1730 2012 Brunswichien—

90 2048 181 2076 sem
214 2035 434 2087 respiciat,
467 2039 508 2076 et
541 2037 590 2077 R.
624 2038 674 2078 D.
708 2037 899 2077 Henrico
930 2038 1099 2077 auxilio
1121 2038 1193 2086 sit,
1222 2050 1310 2088 quo
1342 2037 1476 2076 miser
1504 2039 1547 2076 et
1576 2036 1730 2076 seduc-

91 2103 163 2141 tus
185 2101 377 2152 populus
398 2105 698 2151 conuertatur,
723 2104 765 2142 et
785 2115 909 2142 sacra
933 2115 1116 2142 romana
1139 2103 1325 2143 ecclesia
1355 2103 1566 2142 dilatetur
1594 2102 1727 2142 etiam

91 2167 137 2206 in
167 2167 481 2218 septentrione.
513 2168 559 2208 Si
591 2180 659 2208 res
703 2168 907 2208 succedat
947 2171 993 2208 vt
1032 2181 1264 2220 speramus
1300 2168 1343 2207 in
1381 2168 1511 2215 Dno..
1544 2168 1599 2207 ad
1629 2168 1730 2207 reli-

90 2244 223 2284 quam
267 2231 504 2272 saxoniam
554 2233 622 2273 via
665 2236 816 2285 aperta
860 2234 955 2273 erit.
1004 2235 1054 2274 R.
1098 2235 1144 2274 P.
1184 2234 1440 2273 Leonardus
1470 2235 1484 2257 ³
1514 2233 1591 2285 qui
1640 2233 1728 2272 iam

92 2298 252 2338 melius
281 2298 414 2345 valet,
449 2302 618 2349 praeter
646 2300 835 2339 salutem
865 2312 997 2351 quam
1030 2300 1284 2351 impartitur
1315 2300 1365 2339 R.
1390 2299 1438 2339 T.
1471 2298 1726 2346 maximam.

91 2375 137 2403 se
167 2363 326 2403 vestris
356 2364 561 2415 precibus
591 2367 631 2404 et
662 2365 894 2405 sacrificiis
933 2366 1213 2405 commendat
1252 2365 1487 2412 obnixius;
1528 2364 1647 2415 quod
1687 2366 1729 2403 et

91 2440 174 2468 nos
202 2429 335 2469 etiam
366 2430 569 2478 facimus,
601 2443 735 2482 quam
767 2442 1006 2481 possumus
1028 2431 1294 2470 humillime.
1329 2430 1539 2470 Coloniae
1570 2429 1729 2481 Agrip-

91 2493 237 2544 pinae.
270 2494 412 2546 pridie
442 2496 726 2536 calendarum
757 2496 977 2545 Januarii,
1010 2508 1129 2535 anno
1163 2496 1277 2535 1561.

198 2559 250 2599 R.
284 2560 331 2600 P.
362 2560 410 2600 T.
444 2572 603 2601 seruus
633 2561 680 2600 in
710 2561 901 2601 Christo.

787 2626 1050 2667 GREGomus
1082 2627 1247 2667 FABms
1278 2627 1558 2666 DIONANTIUS
1589 2628 1603 2650 ⁴

701 2704 754 2731 ex
783 2692 1098 2732 commissione
1129 2693 1180 2732 R.
1215 2693 1263 2732 P.
1298 2691 1515 2731 Leonardi
1555 2690 1726 2731 Kessel.

197 2759 443 2808 Inscriptio
475 2759 772 2798 desideratur.

153 2863 164 2880 ¹
187 2861 243 2893 Fr.
270 2861 426 2894 Michael
450 2862 555 2895 Ruel.
582 2862 745 2902 HANsssN,
771 2864 793 2895 l.
813 2873 842 2896 c.
868 2864 929 2895 413
954 2873 1041 2896 ann.
1070 2865 1099 2895 1.
1126 2864 1177 2896 De
1202 2864 1271 2896 hac
1296 2864 1474 2896 missione
1497 2863 1605 2904 plura
1628 2864 1730 2896 inve-

92 2909 173 2941 nies
196 2909 296 2950 apud
320 2909 485 2942 HANSEN.

155 2958 167 2975 2
190 2956 348 2989 Ioannes
372 2957 601 2991 Pennarius:
628 2958 792 2997 HANSEN,
817 2958 869 2991 ib.
895 2968 982 2991 ann.
1008 2959 1048 2998 Q
1074 2959 1207 2998 EUBEL,
1226 2958 1486 2998 Hierarchia,
1510 2958 1587 2994 III,
1612 2959 1686 2991 367.

102 3042 105 3043 .
155 3005 168 3023 ³
190 3003 228 3036 P.
255 3003 470 3036 Leonardus
494 3004 634 3044 Kessel,
660 3006 792 3037 rector.

154 3052 165 3069 4
188 3051 327 3083 Auctor
349 3052 518 3092 poeticen
553 3052 719 3085 docebat.
756 3052 806 3086 Cf.
833 3053 964 3085 DUHR:
1002 3053 1075 3085 Die
1110 3054 1276 3085 allesten
1310 3053 1640 3094 Studienplczne...
1678 3054 1727 3086 17.

91 3098 177 3131 Alia
200 3099 244 3131 de
267 3100 419 3132 auctore
443 3099 528 3132 vide
551 3100 605 3132 sis
628 3100 668 3133 in
691 3099 817 3142 Epist.
841 3101 886 3134 P.
904 3100 1054 3138 Nadal,
1087 3101 1133 3141 II,
1158 3102 1231 3134 553.
