2099 3516
398 250 466 286 0286
867 250 1070 286 LITTERAE
1108 250 1451 295 QUADmMES'rRES

351 379 454 418 pore
483 367 770 419 porrigerent,
801 379 852 406 ac
881 366 1102 418 porrigere
1131 368 1243 407 clam
1270 368 1483 409 iuberent.
1507 368 1723 408 Adhibuit
1743 372 1966 420 praeterea

351 432 508 471 Rector
554 443 731 482 operam
778 431 993 478 sedulam,
1028 432 1071 470 vt
1099 431 1410 481 quadrimestri
1457 432 1540 471 hoc
1586 434 1779 483 tempore
1812 434 1966 485 grauia

350 496 565 546 quaedam
596 496 726 543 mala,
757 497 799 534 et
827 507 879 534 ex
925 495 1089 545 quibus
1126 507 1215 534 non
1263 507 1400 546 parua
1430 496 1678 546 potuissent
1706 497 1811 536 oriri
1840 510 1966 538 scan-

350 560 466 607 dala,
498 560 831 611 impedirentur,
863 561 908 598 vt
936 559 1084 606 etiam,
1116 559 1291 599 Christo
1334 560 1458 608 duce,
1508 560 1671 600 factum
1700 563 1788 610 est;
1819 563 1896 614 qui
1925 565 1967 603 et

351 625 439 664 alia
468 624 675 675 pleraque
704 626 797 663 tum
828 624 1016 674 priuata,
1048 626 1142 663 tum
1188 624 1364 675 publica
1393 625 1568 675 negotia
1599 637 1689 665 non
1718 627 1844 677 parui
1878 639 1968 667 mo·

351 689 486 728 menti
517 688 752 740 promouit.

432 755 493 793 11.
526 754 750 803 Quantum
798 753 852 792 ad
899 753 1117 803 euangelij
1170 753 1465 793 ministerium
1513 754 1684 801 attinet,
1720 755 1775 794 M.
1808 755 1968 807 Grego-

351 819 444 859 rius
477 826 509 864 a.
554 819 630 870 qui
674 818 720 857 in
767 818 817 858 D.
848 818 1069 857 Lamberti
1117 819 1260 858 locum
1309 818 1520 858 suffectus
1548 821 1613 858 est
1642 822 1671 867 1,
1715 820 1969 861 eclesiastae

350 884 495 923 officio
524 883 641 933 apud
671 895 752 922 nos
781 883 981 933 fungitur
1009 894 1109 922 cum
1138 885 1261 922 tanta
1290 895 1461 934 semper
1490 884 1743 924 auditorum
1764 887 1806 924 et
1826 886 1968 936 gratia

351 950 392 987 et
421 948 681 999 frequentia,
713 949 879 997 quanta
909 947 964 986 ab
993 959 1211 986 annorum
1245 949 1436 998 quatuor
1482 948 1639 998 spatio,
1671 951 1717 988 vt
1745 950 1966 999 audimus,

350 1024 580 1063 nunquam
610 1012 706 1051 fuit.
740 1012 787 1051 P.
822 1011 1024 1062 Piringer
1052 1011 1287 1051 dominicis
1317 1012 1488 1055 diebus,
1520 1013 1629 1052 hora
1649 1014 1966 1064 pomeridiana,

351 1077 618 1117 christianae
646 1076 872 1116 doctrinae
901 1076 1116 1116 elementa
1147 1077 1311 1116 Vtiliter
1340 1077 1485 1118 tradit.
1518 1078 1716 1117 Matrona
1753 1080 1969 1130 quaedam

351 1154 439 1181 non
470 1141 611 1180 infimi
641 1141 759 1192 apud
792 1141 1053 1180 viennenses
1082 1141 1267 1189 ordinis,
1312 1141 1389 1181 sed
1437 1143 1795 1191 sacramentaria,
1826 1155 1876 1183 ac
1905 1144 1971 1183 lu-

351 1206 591 1246 teranismo
621 1205 638 1231 b
670 1217 851 1256 prorsus
881 1205 1056 1253 infecta,
1093 1206 1232 1245 nobili
1283 1207 1344 1257 (vt
1390 1207 1605 1258 suspicor)
1656 1219 1844 1256 rumore,
1893 1209 1970 1260 qui

351 1271 481 1322 longe
510 1271 683 1322 lateque
712 1271 765 1310 de
795 1271 841 1311 P.
872 1270 1083 1321 Gregorio
1113 1271 1374 1319 iactabatur,
1406 1271 1552 1319 ducta,
1596 1284 1695 1311 cum
1743 1273 1840 1312 eius
1868 1285 1969 1313 con-

351 1336 521 1375 cionem
569 1335 780 1382 audisset,
829 1337 953 1374 tanta
998 1347 1095 1374 eam
1142 1336 1194 1375 de
1241 1336 1456 1375 anteactis
1502 1336 1683 1387 flagitiis
1730 1337 1971 1388 poenitudo

351 1400 532 1447 inuasit,
566 1402 611 1439 vt
638 1400 776 1439 altero
806 1400 955 1439 statim
975 1400 1046 1439 die
1066 1400 1120 1439 ad
1142 1400 1437 1451 poenitentiae
1457 1401 1630 1452 asylum
1660 1409 1675 1427 0
1707 1402 1967 1453 confugerit.

352 1465 502 1505 Altera
530 1465 767 1504 admodum
799 1464 963 1504 nobilis
993 1464 1131 1516 virgo,
1163 1477 1261 1504 cum
1292 1465 1445 1504 multis
1475 1465 1563 1504 iam
1609 1466 1766 1506 diebus
1808 1467 1972 1507 melan-

351 1530 497 1570 cholia
527 1531 771 1576 vexaretur,
803 1541 853 1568 ac
882 1529 928 1568 in
957 1529 1150 1568 furorem
1198 1541 1308 1580 pene
1355 1532 1484 1577 esset,
1534 1530 1972 1582 desperationemque

351 1606 580 1642 conuersa,
612 1594 675 1633 sic
704 1594 895 1645 quodam
925 1593 1122 1633 eiusdem
1153 1594 1297 1633 Patris
1332 1606 1533 1634 sermone
1579 1595 1767 1634 excitata
1813 1597 1894 1644 est,
1926 1597 1972 1636 vt

351 1660 509 1711 sopitis
537 1659 746 1699 omnibus
785 1659 1166 1710 perturbationum
1207 1660 1425 1710 procellis,
1474 1659 1616 1699 eidem
1663 1672 1824 1712 magno
1871 1673 1970 1701 cum

351 1726 496 1765 fructu
526 1724 727 1764 confessa
757 1724 902 1763 fuerit.
940 1724 1038 1763 Duo
1067 1736 1243 1775 quoque
1289 1724 1487 1775 germani
1517 1727 1559 1764 et
1588 1725 1712 1765 senio
1741 1727 1783 1765 et
1812 1726 1971 1765 foedis-

351 1790 463 1830 sima
492 1789 751 1829 lutheranae
779 1789 1012 1828 haereseos
1040 1789 1302 1839 contagione
1330 1801 1473 1829 annos
1516 1790 1864 1840 quatuordecim,
1895 1792 1972 1830 aut

350 1855 460 1894 forte
490 1854 653 1905 plures,
685 1853 850 1900 infecti,
881 1865 981 1892 cum
1026 1865 1256 1904 nunquam
1303 1854 1599 1904 poenitentiae
1646 1857 1971 1894 sacramentum

350 1919 579 1967 adiissent,
611 1918 657 1957 P.
692 1918 894 1968 Piringer
921 1917 939 1943 d
961 1918 1161 1957 consiliis
1190 1918 1512 1958 confessionem
1532 1931 1712 1970 syncere
1732 1931 1782 1959 ac
1803 1919 1971 1971 integre

352 1985 626 2035 peregerunt,
658 1984 700 2022 et
728 1994 828 2022 vere
857 1983 1062 2022 catholici
1102 1994 1221 2022 nunc
1269 1983 1441 2023 viuunt.
1493 1984 1612 2023 Idem
1661 1984 1973 2035 praestiterunt

351 2060 492 2099 nuper
520 2048 608 2087 duo
638 2059 727 2086 non
769 2047 947 2086 infimae
994 2047 1126 2087 sortis
1173 2047 1393 2094 bohaemi,
1442 2060 1631 2099 quorum
1660 2049 1770 2088 alter
1798 2048 1972 2088 hussita

352 2112 730 2164 peruersissimus,
761 2112 872 2151 alter
918 2111 1124 2162 picardus
1156 2112 1254 2163 (hoc
1283 2112 1400 2151 enim
1429 2115 1495 2152 est
1528 2115 1671 2152 sectae
1700 2116 1876 2164 nomen)
1908 2113 1972 2153 in-

351 2178 494 2228 signis
521 2179 627 2218 erat.
659 2176 873 2217 Nonnulli
907 2179 1131 2228 praeterea
1159 2178 1235 2229 qui
1257 2180 1345 2217 tres
1367 2180 1444 2218 aut
1463 2180 1653 2229 quatuor
1673 2190 1829 2226 annos,
1853 2179 1973 2218 velut

351 2243 485 2290 athei,
517 2242 652 2281 vitam
674 2242 865 2281 ferarum
886 2242 972 2282 ritu
994 2242 1227 2293 degebant,
1250 2245 1503 2282 nostrorum
1523 2255 1655 2294 opera
1675 2243 1730 2282 ad
1746 2243 1972 2283 meliorem

352 2309 541 2347 mentem
572 2307 776 2347 conuersi
805 2319 999 2346 amaram
1028 2319 1210 2347 suorum
1249 2308 1461 2347 scelerum
1512 2308 1708 2348 fecerunt
1753 2308 1973 2347 exomolo-

352 2372 477 2423 gesin
507 2379 552 2411 θ.
585 2371 769 2422 Aliquot
797 2371 929 2411 etiam
960 2371 1164 2419 studiosi,
1200 2372 1276 2423 qui
1326 2371 1440 2423 turpi
1488 2372 1720 2412 haereseos
1766 2373 1866 2412 labe
1894 2373 1972 2412 im-

351 2436 463 2484 buti,
494 2436 613 2487 apud
659 2448 741 2475 nos
788 2439 934 2476 tamen
981 2436 1230 2476 adulterina
1259 2437 1450 2488 quadam
1480 2437 1656 2488 pietatis
1685 2437 1878 2489 imagine
1906 2449 1973 2477 or-

352 2501 571 2541 thodoxae
601 2501 701 2540 fidei
731 2501 990 2552 religionem
1020 2501 1357 2550 simulauerant‚
1380 2501 1596 2541 abiuratis
1616 2502 1711 2542 suis
1731 2502 1970 2550 erroribus,

413 2704 432 2723 a
452 2695 632 2736 Georgius
653 2694 700 2727 A.
735 2713 775 2717 —
803 2694 823 2721 b
855 2694 1077 2726 lutranismo
1099 2694 1145 2726 A.
1170 2713 1209 2717 -
1245 2702 1260 2722 c
1279 2695 1415 2727 asilum
1436 2694 1483 2728 A.
1507 2713 1548 2717 —
1570 2694 1589 2722 d
1608 2695 1671 2727 Ita
1695 2695 1752 2732 B..
1777 2695 1817 2728 in
1839 2695 1873 2727 A
1901 2695 1972 2728 du-

352 2748 419 2781 bia
451 2749 534 2781 leot.
558 2766 598 2770 —
621 2756 637 2775 e
669 2747 949 2788 exomologesen
971 2747 1018 2780 A.

415 2915 422 2932 ¹
448 2913 486 2946 P.
512 2913 729 2946 Lambertus
751 2912 862 2952 Auer,
886 2912 1132 2952 contionator,
1160 2921 1243 2945 cum
1265 2912 1438 2954 episcopo
1467 2911 1746 2953 Commendone‚
1770 2912 1972 2954 apostolico

353 2966 499 3006 nuntio,
525 2966 710 3007 profectus
732 2966 824 2998 erat.
849 2964 942 2997 Vide
965 2974 1079 3006 supra
1107 2974 1142 3007 p.
1168 2966 1239 2999 157.
1265 2965 1334 2998 Pro
1369 2974 1443 3008 quo
1475 2965 1513 2998 P.
1538 2965 1736 3007 Gregorius
1771 2965 1973 2998 Rosseffius

354 3018 531 3052 suffectus
554 3019 622 3052 est.
