2099 3516
436 253 506 289 6102
908 255 1112 292 er‘rnnAE
1146 256 1490 301 QUADRIMESTRES

470 373 506 412 1.
540 373 631 412 Pax
652 372 815 413 Christi
847 373 1027 413 Domini
1057 376 1097 413 et
1127 375 1233 413 caet.
1268 373 1324 412 Vt
1344 373 1621 413 obedientiae
1641 376 1818 414 sanctae
1848 374 2005 414 faciam

389 437 512 485 satis,
545 436 637 478 Rfle
667 437 713 476 10
743 438 917 477 Christo
954 438 1096 481 Pater.
1119 438 1462 488 quadrimestres
1493 437 1658 485 literas,
1696 449 1783 488 qua
1813 439 2005 478 maxima

389 502 479 554 fierj
527 503 683 553 poterit
711 503 941 551 breuitate,
991 503 1204 550 scribam3
1236 503 1291 541 ab
1335 513 1385 541 eo
1427 502 1619 552 primum
1663 502 1854 550 ordiens,
1886 503 2005 554 quod

390 567 440 607 R.
465 567 512 606 T.
538 567 583 607 P.
616 568 706 606 fore
727 567 1027 618 gratissimum
1058 569 1179 617 puto.
1203 566 1365 606 Sumus
1386 566 1432 605 in
1467 567 1549 606 hoc
1569 567 1755 617 collegio
1784 568 1834 606 55
1863 567 2006 608 Socie-

389 631 504 679 tatis,
538 633 669 682 atque
711 643 762 671 ex
805 632 868 671 eis
912 631 1160 670 sacerdotes
1192 631 1261 677 1923
1311 630 1510 681 magistri
1555 643 1642 670 non
1687 631 1935 672 sacerdotes
1963 633 2002 682 9,

389 696 642 747 magisterio
680 696 868 746 proximi
899 697 936 742 7,
972 696 1139 746 physici
1171 697 1209 738 9,
1243 695 1374 746 logici
1404 696 1452 743 83
1486 695 1728 735 rhetoricae
1757 696 1936 736 student
1963 698 2002 745 4,

388 763 541 812 poetae
582 762 620 810 3,
651 761 961 812 grammaticae
998 760 1045 807 Q
1091 762 1132 799 et
1159 761 1185 798 4
1214 762 1319 799 sunt
1347 759 1668 799 coadiutores1.
1702 760 1821 800 Licet
1858 764 2002 801 autem

388 825 563 876 aliquos
593 825 638 865 in
668 826 756 864 alia
793 825 979 876 collegia
1009 824 1207 864 effundat
1238 825 1393 863 fratres
1423 824 1543 864 istud
1571 825 1823 875 collegium,
1856 826 2005 877 plures

388 891 534 929 tamen
564 901 696 940 quam
740 889 827 928 alio
870 889 1181 935 amandantur,
1214 888 1286 927 hic
1316 888 1522 927 Societati
1554 889 1818 940 Christoque
1847 902 1893 930 se
1922 893 2005 929 tra-

388 955 512 994 dunt.
545 954 702 993 Decem
723 954 899 1004 quidem
931 954 986 992 ab
1015 965 1066 992 eo
1096 956 1303 1003 ternpore,
1327 964 1415 1002 quo
1445 953 1642 1003 proxime
1662 954 2006 1004 quadrimestres

388 1020 540 1059 literae
583 1019 770 1069 scriptae
814 1018 1006 1064 fuerunt,
1054 1017 1211 1068 partim
1256 1017 1478 1063 Treuiros,
1510 1018 1668 1068 partim
1715 1019 2002 1070 Moguntiam,

388 1084 546 1136 partim
578 1085 631 1123 ad
675 1084 828 1122 ducem
861 1082 1330 1127 brunsswicchensem,
1363 1082 1521 1132 partim
1565 1083 1755 1134 denique
1784 1083 1840 1123 ad
1870 1084 1921 1124 R.
1955 1085 2001 1124 P.

389 1150 566 1189 Petrum
597 1148 822 1188 Canisium
854 1148 898 1186 in
930 1147 1201 1197 superiorem
1233 1146 1515 1186 Germaniam
1546 1150 1651 1187 sunt
1672 1148 1810 1188 missi.
1843 1149 2004 1189 Verum

387 1226 554 1260 eorum,
585 1213 661 1264 qui
705 1212 892 1263 ingressi
935 1214 1038 1251 sunt
1068 1211 1206 1251 vincit
1236 1223 1469 1252 numerus:
1515 1212 1733 1263 siquidem
1778 1213 1837 1252 XI
1869 1222 1886 1237 ²2
1932 1213 2006 1253 ad-

388 1278 512 1318 missi
542 1279 660 1323 sunt,
684 1277 728 1316 in
750 1277 914 1327 quihus
943 1278 1007 1315 est
1037 1276 1344 1315 dionantensis
1383 1276 1588 1316 sacerdos
1618 1278 1648 1324 ²,
1680 1278 1856 1328 egregia
1884 1290 2006 1328 prae-

388 1342 545 1389 sentia,
590 1341 815 1393 physicam
860 1343 901 1379 et
944 1340 1290 1391 metaphysicam
1335 1340 1474 1388 audit,
1520 1341 1630 1380 hene
1673 1341 1828 1381 doctus
1871 1345 1912 1381 et
1950 1343 2003 1382 ad

388 1406 626 1458 regendum
657 1405 768 1444 alios
789 1417 870 1444 500
890 1407 1084 1455 tempore
1105 1407 1235 1455 aptus
1255 1404 1336 1443 erit
1375 1403 1411 1444 ¹³.
1432 1405 1554 1444 Alter
1575 1417 1675 1444 vero
1697 1407 2006 1457 neomagensis

387 1474 467 1520 est,
499 1470 664 1510 iudicio
695 1470 842 1521 pollet,
876 1470 984 1508 bene
1013 1469 1138 1508 docet
1167 1471 1208 1508 et
1236 1469 1539 1513 concionatur,
1571 1482 1719 1510 sacrae
1757 1470 2005 1522 theologiae

390 1536 714 1575 baccalaureus.
745 1534 919 1573 Tertius
948 1534 1146 1573 Tornaco
1172 1534 1288 1572 venit
1317 1545 1416 1573 cum
1448 1534 1498 1573 R.
1527 1534 1567 1574 P.
1602 1534 1796 1574 Antonio
1825 1537 1855 1583 ³,
1887 1536 2004 1586 apud

389 1613 493 1640 suos
522 1602 673 1651 pastor
702 1599 806 1645 fuit;
832 1599 903 1638 hic
924 1610 1100 1649 operam
1131 1598 1203 1637 dat
1234 1598 1416 1649 logicae,
1442 1599 1507 1638 vir
1535 1599 1587 1638 de
1616 1611 1705 1650 quo
1738 1601 2004 1650 sperandum

388 1667 467 1714 est,
499 1665 618 1715 quod
647 1664 702 1703 ad
733 1664 867 1703 multa
912 1675 961 1702 ac
993 1675 1150 1713 magna
1181 1663 1491 1702 accommodus
1520 1664 1602 1703 erit
1631 1667 1660 1704 ⁴¹.
1684 1663 1877 1714 Quartus
1906 1676 2004 1704 neo-

389 1730 610 1781 magensis
639 1731 705 1768 est
753 1736 788 1776 ⁰3
813 1728 884 1767 hic
913 1740 1010 1767 cum
1043 1728 1089 1766 in
1132 1728 1272 1767 classe
1313 1728 1529 1768 rhetorica
1557 1732 1686 1776 esset,
1717 1729 2004 1770 declamando

388 1794 559 1841 floruit,
606 1794 692 1833 iam
739 1793 948 1844 physicus
991 1795 1071 1841 est,
1103 1795 1143 1831 et
1173 1792 1219 1831 in
1250 1793 1398 1832 studio
1437 1794 1746 1844 philosophiae
1793 1794 2006 1834 foeliciter

389 1859 678 1910 progreditur.
722 1858 913 1907 Quintus
956 1859 997 1896 et
1039 1860 1189 1896 sextus
1232 1858 1477 1897 leodienses
1521 1860 1639 1905 sunt,
1684 1861 1726 1898 et
1770 1859 1813 1898 in
1862 1859 2005 1910 logica

387 1924 539 1963 schola
570 1925 823 1963 versantur:
869 1922 1104 1973 diligentes
1146 1924 1252 1962 sunt
1279 1925 1321 1961 et
1349 1923 1541 1973 optimae
1570 1923 1747 1964 indolis.
1782 1923 2005 1975 Septimus

388 1990 454 2028 est
482 1988 767 2037 nouesianus,
798 1988 931 2026 frater
973 1987 1022 2026 D.
1066 1987 1324 2038 Hermannj‚
1356 1988 1432 2038 qui
1482 1988 1572 2039 agit
1602 1987 1819 2036 Treueris,
1851 1989 1928 2040 qui
1958 1989 2005 2028 in

388 2065 574 2093 ascensu
605 2053 659 2092 ad.
690 2053 951 2091 rhetoricam
983 2052 1139 2091 tertius
1168 2052 1321 2091 ordine
1352 2053 1457 2097 suin
1490 2053 1627 2103 pollet
1655 2053 1849 2104 ingenio,
1879 2056 1922 2093 et
1950 2054 2004 2093 ad

390 2130 553 2158 munus
582 2117 871 2167 concionandj
905 2117 1013 2155 satis
1052 2118 1119 2155 est
1147 2117 1378 2167 appositus
1407 2119 1435 2156 ⁵.
1469 2117 1664 2157 Octauus
1693 2120 1736 2157 et
1764 2130 1910 2158 nonus
1938 2130 2005 2158 oc·

387 2185 550 2234 cupant
578 2183 762 2222 classem
807 2181 1111 2230 humanitatis,
1153 2193 1340 2231 quorum
1384 2182 1494 2221 alter
1538 2183 1587 2222 R.
1634 2184 1679 2224 P.
1715 2183 2005 2234 prouincialis

387 2259 534 2287 comes
563 2247 735 2286 itineris
764 2246 870 2292 fuit;
904 2258 1022 2285 nunc
1042 2245 1381 2296 diligentissime
1403 2247 1562 2287 studet.
1588 2248 1793 2288 Decimus
1821 2250 1887 2287 est
1917 2261 2005 2288 mo-

387 2312 617 2363 guntinus,
649 2314 768 2351 10105
797 2323 1023 2361 synceruS,
1056 2311 1232 2350 intimae
1265 2311 1435 2351 classis.
1469 2312 1753 2360 Vndecimus,
1776 2313 1877 2353 licet
1907 2315 2004 2364 poe-

447 2483 465 2502 a
486 2474 534 2506 XI
557 2483 683 2515 supra
706 2483 877 2513 versmn,
903 2474 1021 2505 deleto
1048 2473 1128 2505 alio
1151 2482 1259 2506 num.
1279 2492 1316 2496 —
1352 2474 1369 2499 b
1389 2475 1460 2506 erit
1491 2484 1617 2516 snpra
1649 2484 1750 2507 vers.
1769 2494 1807 2497 —
1825 2484 1839 2502 c
1860 2477 1916 2508 est
1938 2485 2003 2507 su-

380 2536 461 2568 pra
482 2536 584 2559 vers.
619 2527 705 2559 alia
728 2535 863 2558 manu.

448 2654 457 2669 ¹
481 2650 569 2683 Tres
591 2660 636 2683 ex
659 2650 964 2692 praecedentibus
988 2649 1099 2681 sociis
1123 2649 1161 2681 in
1185 2650 1323 2690 duplici
1348 2650 1458 2683 classi
1482 2651 1623 2683 includi
1640 2651 1785 2691 debent,
1800 2660 1846 2684 ne
1859 2660 2002 2684 summa

387 2713 580 2736 numerum
603 2704 643 2735 55
666 2703 829 2735 excedat.

447 2758 460 2776 ²
482 2756 533 2788 Ex
557 2757 605 2788 iis
638 2765 733 2797 quae
766 2756 855 2787 sunt
878 2755 975 2796 apud
1004 2755 1153 2787 Hansen
1188 2756 1226 2795 (l.
1252 2765 1281 2788 0.
1305 2756 1377 2795 408,
1402 2757 1463 2788 450
1485 2757 1521 2788 et
1544 2757 1619 2797 777)
1643 2757 1788 2789 eruitur
1810 2757 1871 2799 agi
1894 2757 1938 2789 de
1962 2757 1999 2790 P.

386 2810 549 2841 Antonio
572 2809 714 2841 Adami.

447 2864 460 2881 ¹³
482 2862 519 2894 P.
544 2862 731 2894 Antonius
754 2861 922 2894 Holletus
945 2861 1234 2893 Hannoniensis.
1259 2861 1310 2893 Cf.
1336 2861 1498 2901 ΗΑΝ5ΕΝ,
1524 2862 1546 2895 l.
1572 2871 1602 2894 0.
1625 2863 1698 2895 408.

446 2916 458 2934 ⁴
479 2915 635 2948 Videtur
658 2915 718 2947 hic
741 2914 856 2947 fuisse
889 2914 925 2946 P.
952 2914 1107 2946 Ioannes
1144 2914 1337 2946 Lamberti.
1363 2914 1414 2946 Cf.
1440 2914 1602 2954 ΗΑΝ5ΕΝ,
1628 2915 1650 2947 l.
1675 2924 1705 2948 c.
1729 2916 1802 2955 408,
1827 2916 1899 2955 450,
1924 2916 1997 2955 460,

386 2969 458 3009 777,
484 2970 555 3001 779.

448 3024 459 3041 ⁵
482 3021 612 3054 Petrus
635 3021 836 3063 Thyraeus.
