2099 3516
391 266 461 300 688
864 264 1068 300 LITTERAE
1095 264 1439 308 QUADmMEs'i-ans

345 395 494 434 preces
522 382 751 422 absolutae
775 383 893 428 sunt,
916 383 958 420 et
977 380 1261 420 concionator
1281 381 1528 432 explicandi
1550 382 1805 422 catechismi
1826 394 1960 423 causa

345 449 600 497 suggestum
631 445 842 492 ascendit,
866 447 1057 495 quatuor
1077 444 1200 494 pueri
1221 445 1426 493 studiosi,
1450 445 1572 485 iuxta
1593 448 1865 497 suggestum,
1883 447 1959 486 sed

344 511 545 551 aduersis
573 511 753 550 sedibus
783 510 843 549 ita
873 509 1074 548 collocati
1105 509 1282 557 adsunt,
1305 511 1353 549 ut
1374 510 1541 560 priores
1561 511 1649 550 duo
1678 511 1957 561 germanicis,

344 576 419 627 alij
450 575 538 615 duo
570 575 810 614 bohemicis
840 573 1262 624 interrogationibus
1305 586 1354 613 ac
1398 574 1764 625 responsionibus
1798 587 1960 615 memo-

345 640 462 688 riter,
499 642 713 691 prompte,
753 650 803 678 ac
846 638 1105 685 luculenter,
1150 638 1444 686 auscultante,
1480 638 1589 689 quin
1631 641 1673 678 et
1714 639 1960 679 admirante

344 705 522 755 populo,
553 704 797 743 doctrinam
827 702 1113 742 christianam
1146 703 1342 743 recitent.

421 769 460 808 6.
492 768 735 808 Conciones
773 767 904 806 etiam
947 767 1138 813 crebrae,
1170 778 1420 818 magnoque
1463 767 1609 807 fructu
1651 767 1903 807 auditorum
1933 779 1960 806 a

343 833 506 873 nostris
553 832 760 871 Patribus
807 832 1040 875 habentur,
1073 843 1163 870 non
1209 832 1354 871 solum
1398 832 1444 871 in
1488 832 1650 882 templo
1683 833 1851 880 nostro,
1882 832 1958 872 sed

341 897 472 936 etiam
502 897 619 947 apud
649 895 691 935 S.
726 896 948 943 Iacobum,
981 897 1029 934 ut
1058 895 1145 934 iam
1175 908 1200 934 a
1230 895 1352 947 ferijs
1373 895 1590 947 natalitijs
1619 896 1713 935 fieri
1756 897 1956 946 coeptum

341 963 420 1008 est,
451 963 493 1000 et
522 961 567 1000 in
597 972 695 1000 arce
723 971 870 999 coram
900 959 942 999 S.
976 959 1020 999 C.
1054 960 1127 1006 M„
1160 962 1208 1000 ut
1236 960 1394 1000 accidit
1425 971 1500 1010 per
1530 960 1693 999 multas
1722 960 1958 1000 hebdoma-

340 1025 432 1074 das,
464 1027 696 1076 postquam
727 1024 769 1064 S.
803 1023 847 1063 C.
882 1024 934 1064 M.
963 1024 1150 1074 Pragam
1172 1024 1308 1063 uenit.
1341 1024 1393 1063 Et
1421 1036 1554 1075 quam
1575 1024 1678 1063 illae
1707 1024 1958 1064 fructuosae

339 1090 573 1129 conciones
602 1088 780 1136 fuerint,
814 1090 1061 1139 praestante
1100 1088 1205 1136 Deo,
1236 1089 1308 1128 uel
1351 1088 1456 1128 hinc
1498 1089 1674 1128 abunde
1715 1088 1954 1139 colligitur,

339 1154 457 1204 quod
486 1153 530 1194 S.
562 1153 606 1193 C.
639 1154 694 1193 M.
726 1164 801 1192 eas
829 1164 958 1203 saepe
978 1165 1077 1192 cum
1099 1153 1193 1192 suis
1213 1153 1372 1193 aulicis
1391 1153 1726 1200 collaudauerit,
1751 1164 1956 1204 magnam

337 1218 661 1258 concionatoris
690 1217 951 1265 doctrinam,
983 1229 1062 1257 nec
1108 1218 1336 1265 minorem,
1371 1220 1417 1257 ut
1445 1217 1605 1265 aiebat,
1623 1218 1853 1273 ‘feruorem
1883 1217 1956 1256 ad-

339 1283 519 1322 mirans.
552 1283 676 1322 Vnde
705 1282 805 1322 licet
834 1282 1088 1322 ordinarius
1117 1282 1213 1322 eius
1234 1282 1519 1322 concionator
1539 1272 1730 1329 uetiisse,
1753 1284 1830 1321 aut
1850 1293 1955 1321 uen-

338 1350 464 1388 turus
493 1347 724 1395 diceretur,
757 1347 823 1386 illi
862 1348 1009 1386 tamen
1054 1347 1286 1387 Societatis
1329 1347 1449 1386 Patri
1479 1346 1521 1386 S.
1554 1346 1600 1387 C.
1633 1347 1687 1386 M.
1720 1358 1797 1397 per
1824 1358 1955 1386 suum

337 1412 608 1452 sacellanum
638 1412 873 1458 commisit,
907 1413 954 1451 ut
988 1411 1156 1463 aliquot
1200 1412 1345 1451 adhuc
1388 1411 1563 1451 uicibus
1605 1411 1953 1452 concionaretur.

337 1477 458 1516 Adeo
478 1488 654 1527 quoque
674 1476 922 1516 lutheranis
942 1476 1223 1516 auditoribus
1246 1476 1348 1515 illae
1369 1476 1700 1527 qualescunque
1719 1475 1955 1515 conciones

338 1543 612 1593 placuerunt,
645 1544 692 1581 ut
721 1542 902 1593 quidam
933 1553 1022 1580 non
1054 1541 1253 1593 uulgaris
1282 1541 1518 1589 doctrinae,
1552 1553 1631 1580 nec
1660 1540 1837 1580 infimae
1865 1552 1955 1580 sor-

337 1606 409 1654 tis,
440 1606 517 1645 sed
546 1606 737 1657 insignis
770 1606 1029 1645 lutheranae
1068 1606 1302 1657 prauitatis
1340 1606 1524 1653 assecla,
1556 1605 1708 1645 multis
1750 1605 1954 1656 precibus

336 1672 453 1722 apud
483 1683 564 1710 nos
593 1671 887 1719 contenderet,
920 1673 968 1710 ut
997 1671 1034 1710 si
1064 1683 1153 1710 non
1192 1682 1360 1718 omnes,
1392 1683 1527 1710 unam
1570 1670 1725 1709 saltem
1768 1681 1821 1709 ex
1864 1669 1954 1709 illis

335 1736 590 1775 concionem
620 1747 644 1775 a
675 1735 804 1775 nobis
833 1736 1040 1786 scriptam
1071 1736 1266 1783 haberet,
1299 1748 1387 1786 quo
1416 1735 1511 1774 suis
1540 1747 1651 1782 eam,
1683 1736 1731 1774 ut
1764 1734 1951 1783 dicebat,

335 1800 555 1850 expensis,
587 1799 642 1838 ad
689 1799 898 1839 maiorem
946 1800 1025 1839 Dei
1073 1800 1275 1850 gloriam,
1308 1812 1358 1839 ac
1405 1799 1681 1850 spiritualem
1722 1798 1951 1838 hominum

336 1864 571 1904 utilitatem
602 1864 749 1915 praelo
778 1864 1081 1904 committeret.
1115 1864 1197 1904 Sed
1228 1866 1276 1904 ut
1315 1864 1438 1904 solus
1481 1864 1613 1911 Deus,
1645 1863 1845 1903 omnium
1876 1863 1952 1902 bo-

336 1940 492 1968 norum
514 1929 613 1967 fons
641 1930 684 1968 et
712 1929 886 1976 author,
910 1929 1016 1968 haec
1040 1941 1113 1980 per
1133 1929 1315 1968 inutiles
1344 1941 1499 1968 seruos
1518 1928 1647 1968 efficit
1668 1940 1717 1967 ac
1742 1929 1950 1979 praestat,

334 1993 398 2033 sic
440 2005 490 2033 eo
532 1993 747 2033 duntaxat
775 1993 914 2041 afine,
948 1995 995 2033 ut
1041 2005 1120 2044 par
1166 1996 1245 2040 est,
1291 1994 1558 2043 scribuntur,
1611 2004 1699 2044 quo
1746 1991 1951 2032 diuinum

333 2058 474 2097 solius
504 2058 646 2108 ipsius
675 2069 834 2097 nomen
865 2058 1147 2109 aliquatenus
1190 2058 1293 2097 hinc
1337 2057 1609 2109 magnificari
1648 2058 1793 2108 queat.
1826 2056 1951 2106 Quod

334 2134 439 2162 uero
468 2122 789 2173 poenitentium
820 2122 921 2173 plus
942 2123 1091 2162 minus
1119 2123 1197 2162 300
1226 2135 1437 2162 numerus
1458 2123 1528 2161 his
1550 2121 1777 2161 mensibus
1803 2121 1948 2170 fuerit,

333 2187 562 2238 magisque
592 2187 805 2238 paulatim
836 2190 1065 2238 augeatur,
1098 2200 1186 2226 una
1217 2199 1239 2227 e
1270 2187 1519 2238 praecipuis
1548 2186 1696 2226 causis
1724 2186 1804 2225 illa
1832 2185 1952 2225 uide-

331 2253 403 2290 tur
430 2251 548 2302 quod
578 2263 667 2290 non
697 2252 843 2291 solum
877 2264 1035 2302 magna
1064 2252 1231 2291 ciuium
1262 2252 1316 2291 ad
1346 2264 1428 2291 nos
1463 2252 1593 2291 turba
1634 2251 1842 2299 confluat,
1874 2250 1950 2290 sed

332 2318 374 2355 et
402 2316 453 2357 D.
486 2316 670 2366 praelati
712 2328 818 2355 suos
861 2317 1108 2356 sacerdotes
1152 2320 1194 2356 et
1236 2316 1496 2364 sacellanos,
1528 2318 1570 2355 et
1600 2315 1685 2356 uiri
1727 2314 1948 2366 magnifici

332 2392 437 2420 suas
466 2380 674 2429 familias,
710 2382 752 2420 et
786 2381 1077 2432 hospitalium
1126 2381 1331 2432 praefecti
1375 2393 1481 2420 suos
1524 2391 1752 2432 pauperes,
1784 2380 1839 2419 ad
1868 2391 1950 2419 nos

331 2445 624 2485 confessionis
653 2457 756 2497 ergo
800 2446 999 2494 mittant3
1032 2448 1073 2485 et
1102 2447 1220 2497 quod
1265 2446 1413 2497 magni
1457 2445 1676 2485 Ecclesiae
1717 2444 1946 2496 primores,

331 2521 680 2561 magnorumque
724 2510 971 2561 principum
1017 2522 1066 2550 ac
1109 2511 1391 2550 dominorum
1434 2509 1692 2561 confessarij
1723 2521 1774 2548 ac
1801 2511 1949 2560 patres

331 2574 585 2625 spirituales
615 2574 755 2614 uelint
783 2586 833 2614 ac
862 2575 1043 2626 cupiant
1072 2586 1167 2614 esse
1197 2575 1336 2614 nostri
1367 2574 1463 2626 filij,
1495 2573 1700 2625 quodque
1725 2573 1812 2612 uiri
1842 2572 1947 2612 boni

330 2638 555 2689 proximos
583 2651 704 2687 suos,
736 2640 884 2679 oblata
928 2639 1173 2687 occasione,
1205 2640 1450 2690 plerunque
1493 2639 1665 2678 soleant
1709 2637 1946 2677 confitendi

331 2703 472 2753 gratia
501 2703 556 2742 ad
586 2715 668 2743 nos
696 2703 898 2755 dirigere.
932 2703 1069 2743 Cuius
1095 2706 1171 2750 rei,
1194 2704 1231 2743 si
1262 2704 1369 2743 libet
1389 2703 1637 2754 exemplum
1657 2702 1825 2749 audire,
1847 2713 1946 2741 cum

331 2767 429 2806 istis
471 2767 628 2807 diebus
669 2768 757 2807 duo
787 2767 829 2807 S.
862 2767 908 2808 C.
941 2769 995 2807 M.
1028 2768 1242 2815 doctores,
1279 2780 1396 2808 unus
1439 2767 1651 2815 medicus,
1682 2766 1792 2806 alter
1820 2766 1946 2806 iuris-

329 2832 574 2879 consultuS,
606 2832 683 2871 sed
712 2833 842 2871 ambo
872 2832 1082 2880 extranei,
1111 2832 1226 2872 inter
1255 2844 1300 2872 se
1330 2833 1382 2871 de
1411 2831 1688 2872 confessione
1718 2831 1946 2881 loqueren—

331 2897 415 2943 tur,
447 2898 578 2947 atque
608 2896 803 2936 medicus
832 2897 1054 2936 dubitaret
1093 2897 1273 2937 ubinam
1319 2896 1593 2947 spiritualem
1637 2895 1811 2935 animae
1839 2906 1945 2934 suae

389 3038 408 3057 a
427 3030 637 3063 demdaaeat
658 3040 729 3064 ms.
