2099 3516
417 243 462 275 96
891 243 1093 280 LITTERAE
1127 243 1470 288 QUADRIMESTRES

372 359 433 398 ris
461 359 691 400 exteriora.
723 360 799 399 sed
828 372 946 400 nunc
987 361 1140 401 merito
1182 365 1358 412 possent
1405 362 1627 401 interiora.
1662 362 1709 400 ln
1739 362 1987 400 obedientia

370 422 531 470 clarus,
564 426 654 462 tum
688 424 904 473 praefecto
949 425 1278 476 ualetudinarij,
1315 428 1406 465 tum
1452 425 1650 475 reliquis.
1681 425 1845 476 quibus
1886 425 1987 464 data

370 490 485 527 esset
527 500 631 527 cura
674 488 855 535 domus;
893 490 939 528 in
982 491 1321 530 mansuetudine
1365 490 1570 540 insignis,
1603 490 1647 528 in
1691 490 1989 529 submissione

371 552 505 602 animj
540 565 642 603 prae
671 554 854 593 caeteris
883 555 1114 595 excellens.
1148 556 1250 595 Erat
1278 556 1350 595 hic
1379 555 1498 595 filius
1529 555 1688 595 unicus
1731 555 1867 606 patris
1901 556 1986 601 sui,

372 617 535 656 nobilis
566 618 649 656 uiri
681 630 732 657 ex
762 619 955 668 equestri
984 620 1161 667 ordine;
1194 620 1304 670 obijt
1333 620 1447 659 diem
1470 631 1588 658 anno
1608 620 1765 658 aetatis
1786 630 1891 658 suae
1924 620 1985 665 17,

371 684 426 728 et,
459 684 506 721 ut
535 694 778 733 speramus,
810 695 908 722 cum
940 683 1115 724 Christo
1146 685 1273 724 uiuit.
1308 686 1621 724 Praemebatur
1666 684 1838 723 interim
1870 684 1988 722 fasti-

370 746 443 784 dio
474 747 535 785 ita
564 749 612 786 ut
640 759 768 797 aegre
799 750 946 798 posset
974 749 1079 799 quid
1109 750 1326 800 accipere;
1364 762 1515 789 uerum
1550 749 1700 788 iussus
1743 749 1855 787 nihil
1901 760 1988 786 non

372 810 572 853 faciebat,
605 812 663 850 ita
695 814 741 850 ut
772 812 1098 852 existimaretur
1128 826 1287 865 magno
1329 826 1425 854 cuni
1472 814 1668 864 appetitu
1700 824 1985 863 nonunquam

370 876 655 920 commedere,
688 889 787 916 cum
818 877 912 927 ipse
940 890 1066 917 suam
1096 881 1299 918 naturam
1331 881 1518 918 tentaret
1549 879 1736 917 uincere.
1766 878 1989 916 Intellexe-

372 941 438 978 rat
467 940 538 979 hic
568 941 785 991 quendam
819 942 992 981 Patrem
1023 943 1271 983 desiderare
1299 945 1468 985 adesse.
1500 955 1598 982 cum
1630 943 1704 981 ille
1742 942 1987 993 pranderet,

372 1006 419 1043 ut
448 1005 616 1044 leuaret
644 1006 795 1056 aliquo
826 1007 955 1046 modo
985 1007 1180 1054 fastidio,
1212 1010 1253 1047 et
1281 1010 1453 1058 cogeret
1482 1020 1546 1051 ea,
1578 1020 1691 1058 quae
1720 1018 1989 1057 apponereir

371 1071 456 1110 tur.
481 1082 665 1110 sumere.
697 1070 878 1120 Quoties
908 1083 997 1110 non
1027 1072 1190 1118 aderat,
1216 1074 1387 1122 petebat
1420 1074 1466 1111 ut
1498 1074 1742 1118 uocaretur,
1768 1074 1810 1110 ut
1837 1072 1987 1109 contra

371 1146 495 1173 suam
531 1136 802 1174 uoluntatem
835 1139 1064 1187 cogeretur
1091 1138 1329 1177 comedere.
1365 1137 1535 1176 Accidit
1568 1139 1611 1176 ut
1642 1136 1820 1187 quidam
1858 1138 1990 1175 frater

370 1199 408 1238 ei
438 1200 679 1250 aliquando
709 1201 877 1240 dederit
906 1213 1019 1251 aqua
1051 1202 1227 1252 plenum
1260 1202 1464 1252 poculum
1487 1202 1654 1251 absque
1676 1201 1820 1239 Patris
1840 1201 1985 1250 copia;

370 1265 487 1315 quod
518 1276 616 1303 cuin
647 1265 940 1311 exhausisset,
973 1266 1145 1317 rogauit
1190 1269 1336 1306 utrum
1371 1267 1455 1306 sibi
1487 1278 1538 1305 ex
1577 1266 1717 1305 Patris
1760 1266 1988 1305 uoluntate

370 1329 613 1368 exhibitum
646 1332 760 1369 esset
791 1331 1021 1380 poculum:
1055 1343 1242 1382 cumque
1286 1331 1487 1370 rescisset
1532 1332 1706 1369 fratrem
1755 1331 1877 1369 nullo
1915 1331 1989 1369 ad-

371 1394 538 1432 monito
567 1394 752 1443 dedisse,
786 1396 1024 1445 respondit„
1057 1396 1142 1435 sibi
1187 1396 1229 1435 id
1274 1408 1408 1444 gi‘aue
1453 1396 1602 1437 fuisse.
1635 1396 1753 1446 quod
1791 1395 1985 1439 bibisset,

371 1460 514 1508 petere
544 1471 589 1497 se
619 1461 661 1498 et
690 1472 844 1507 rogare
875 1472 928 1499 ne
960 1460 1117 1500 iterum
1160 1462 1326 1510 absque
1371 1461 1577 1500 facultate
1606 1460 1901 1506 exhiberetur,
1934 1460 1989 1498 iis

371 1523 534 1569 uerbis,
568 1526 615 1562 ut
645 1524 771 1563 facile
803 1526 950 1574 posset
979 1524 1168 1575 intelligi
1198 1527 1239 1563 et
1268 1526 1473 1571 cognosci
1500 1524 1790 1564 mansuetudo
1819 1526 1860 1562 et
1890 1524 1986 1573 puri

369 1588 506 1626 animi
538 1600 641 1627 uera
672 1589 936 1628 obedientia.
968 1588 1163 1638 Quoties,
1195 1590 1231 1628 si
1262 1590 1440 1640 quando
1472 1590 1711 1640 rogabatur
1752 1589 1825 1638 qui
1873 1590 1988 1627 uale—

372 1655 448 1698 ret„
494 1665 583 1692 non
629 1654 908 1703 respondisse
951 1656 1219 1704 compertum
1265 1657 1330 1693 est
1373 1655 1626 1705 quicquam,
1668 1666 1823 1704 quani:
1864 1654 1985 1694 bene.

370 1717 467 1756 laus
491 1718 591 1757 Deo.
626 1718 685 1757 Ex
719 1718 789 1757 bis
813 1719 909 1757 licet
939 1719 1153 1768 conijcere
1174 1722 1368 1769 quantus
1389 1716 1501 1758 esset
1533 1719 1723 1759 futurus.
1748 1718 1833 1756 nisi
1868 1718 1988 1768 prius

373 1786 508 1821 morte
537 1786 794 1833 praereptus
824 1784 879 1822 ab
910 1784 1082 1834 incepto
1112 1796 1242 1824 cursu
1274 1785 1528 1823 destitisset.

448 1848 485 1886 4.
521 1848 644 1886 Alter
671 1848 745 1898 qui
782 1849 862 1887 l'uit
894 1848 1092 1893 ultimus,
1115 1849 1168 1887 de
1188 1861 1276 1899 quo
1296 1861 1430 1899 supra
1460 1860 1557 1887 cuni
1590 1849 1642 1887 de
1672 1848 1847 1887 duobus
1869 1859 1988 1886 inen—

370 1913 531 1951 tionem
566 1913 661 1962 i'ecj,
694 1925 744 1951 ex
775 1913 968 1951 sacrario
1003 1914 1115 1952 Deus
1147 1913 1323 1952 uocauit
1348 1913 1497 1963 templi
1530 1913 1573 1951 in
1609 1915 1720 1951 terra
1741 1911 1985 1961 constituti,

369 1977 422 2015 ad
453 1978 694 2016 sacrarium
739 1977 954 2016 coelestis.
988 1977 1093 2016 (lum
1139 1980 1253 2016 esset
1296 1977 1481 2026 edituuij
1528 1977 1676 2016 socius
1718 1977 1909 2027 diligens
1947 1978 1988 2014 et

368 2042 590 2083 assiduus.
622 2042 1039 2093 cont‘essionumque
1071 2043 1227 2081 mirum
1251 2042 1296 2081 in
1320 2043 1496 2081 moduni
1527 2042 1769 2089 studiosus,
1794 2042 1847 2080 ad
1877 2052 1987 2091 quas

367 2107 612 2146 audiendas
641 2107 888 2146 sacerdotes
919 2108 1102 2146 uocabat
1132 2119 1183 2146 eo
1217 2107 1352 2146 animi
1397 2108 1565 2153 ardore,
1602 2109 1647 2145 ut
1677 2118 1896 2157 nusquam
1927 2116 1989 2143 re·

370 2171 602 2222 linqueret.
635 2172 742 2222 quin
776 2172 897 2221 prius
927 2172 1253 2222 pollicerentur,
1286 2172 1385 2211 licet
1428 2174 1549 2210 extra
1595 2174 1781 2221 tenipus,
1818 2182 1863 2209 se
1906 2171 1989 2210 itu-

371 2248 463 2283 ros3
496 2236 559 2274 sic
591 2237 742 2275 nullus
785 2238 951 2287 absque
994 2236 1229 2275 criminum
1274 2236 1524 2286 expiatione
1567 2236 1832 2275 discedebat.
1876 2235 1986 2273 Dum

372 2300 439 2339 bis
469 2301 689 2339 detinetur
709 2301 944 2351 exercitijs,
971 2302 1121 2340 morbo
1141 2300 1377 2351 corripitur
1399 2301 1472 2347 ita,
1497 2303 1544 2340 ut
1576 2312 1802 2350 nunquam
1832 2311 1987 2338 somno

370 2367 511 2414 posset
545 2366 721 2407 satiari:
756 2366 819 2405 sic
848 2378 946 2405 eum
977 2366 1122 2405 affecit
1153 2366 1287 2416 pestis
1317 2365 1393 2404 illa
1425 2366 1505 2415 (sic
1533 2366 1649 2404 enini
1693 2367 1851 2403 uocant
1890 2376 1987 2402 nos-

369 2430 423 2467 tri
456 2431 654 2468 morbum
689 2430 812 2469 illuui
845 2431 969 2481 quasj
1004 2430 1139 2481 pestis
1171 2430 1452 2480 principium,
1476 2432 1549 2468 aut
1583 2429 1824 2480 reliquias),
1850 2432 1892 2467 ut
1926 2429 1988 2467 in-

370 2497 434 2532 tra
480 2506 641 2544 paucos
683 2495 776 2534 dies
821 2497 1112 2546 consumptus
1154 2506 1348 2545 corpore,
1381 2506 1479 2533 cum
1524 2497 1635 2533 esset
1679 2494 1903 2533 robustus
1935 2505 1985 2532 ex

367 2559 583 2599 Societate
616 2561 694 2598 bac
727 2561 823 2599 lesu
856 2560 1033 2599 nomine
1066 2562 1219 2599 uocata
1265 2559 1306 2598 in
1354 2560 1496 2602 terris,
1529 2559 1579 2597 ad
1613 2559 1861 2597 societatem
1894 2570 1988 2597 coe-

368 2624 520 2662 lestem
552 2625 679 2663 fuerit
712 2625 969 2671 translatus,
992 2636 1091 2663 cum
1122 2623 1274 2674 paucis
1303 2625 1404 2662 ante
1429 2624 1586 2662 diebus
1614 2625 1727 2662 esset
1748 2623 1983 2661 admissus,

371 2689 450 2727 His
480 2689 688 2728 omnibus
719 2689 910 2728 remedia
939 2689 1087 2728 onmia
1117 2688 1334 2739 exquisita
1380 2690 1483 2727 sunt
1517 2700 1592 2737 pro
1624 2699 1666 2726 re
1698 2689 1862 2731 nostra,
1893 2687 1987 2737 qui—

372 2755 452 2792 bus
481 2756 552 2792 aut
588 2753 764 2792 liberari
795 2756 872 2793 aut
901 2753 1036 2804 leuarj
1070 2753 1220 2804 aliquo
1251 2753 1379 2791 modo
1411 2754 1562 2791 morbo
1583 2754 1786 2802 possent;
1818 2763 1897 2791 nec
1916 2752 1987 2790 de-

369 2819 546 2857 fuerunt
575 2819 749 2857 animae
778 2819 909 2857 etiam
941 2830 1022 2857 sua
1054 2817 1256 2866 remedia,
1287 2829 1414 2867 quae,
1447 2819 1614 2868 quanto
1657 2819 1722 2856 est
1765 2819 1987 2866 praestan-

368 2883 467 2929 tior,
499 2895 549 2922 eo
578 2883 839 2933 diligentius
870 2883 914 2921 in
946 2882 1042 2922 eius
1078 2881 1283 2931 remedijs
1325 2883 1367 2920 et
1399 2882 1648 2931 pharmacis
1686 2881 1983 2923 laborabatur,

368 2950 459 2986 tum
492 2948 669 2986 interim
698 2948 803 2986 dum
835 2947 880 2986 in
911 2946 1039 2986 terris
1061 2946 1282 2991 uixerunt‚
1305 2948 1397 2984 tuni
1431 2948 1662 2996 postquam
1692 2946 1747 2984 ab
1777 2946 1858 2984 liae
1886 2956 1987 2983 con-

369 3012 561 3051 cretione
583 3012 756 3051 mortali
778 3012 913 3051 soluti
939 3011 1137 3061 corporis
1170 3010 1361 3049 uinculis
1391 3010 1639 3049 euolarunt.
1679 3010 1807 3048 Erant
1837 3010 1881 3048 hi
1912 3010 1986 3047 de-
