2099 3516
407 251 477 289 476
876 251 1080 289 Llr'rEnAa
1106 250 1451 295 QUADRIMESTRES

360 369 482 409 varia
524 369 682 410 deinde
723 371 882 417 castra,
913 368 1265 410 illustrissimum
1310 365 1552 417 principem
1594 365 1841 413 comitatae,
1881 376 1977 406 sese

359 434 674 483 contulissent;
699 435 825 475 iussu
845 437 887 475 et
907 435 1136 474 uoluntate
1165 430 1459 471 illustrissimi
1489 429 1703 480 principis
1722 430 1916 471 secundo
1935 431 1977 471 et

359 499 502 546 tertio,
534 511 652 539 unus
680 511 732 540 ex
761 499 925 539 nostris
954 500 1164 539 euocatus
1198 496 1296 543 fuit,
1328 494 1405 546 qui
1435 506 1582 534 coram
1612 494 1676 533 eis
1704 496 1746 533 et
1775 493 1978 545 frequen-

361 562 532 603 tissima
575 563 807 603 nobilitate
848 563 992 603 diuini
1023 562 1143 602 verbi
1186 559 1469 600 ecclesiasten
1517 560 1678 609 ageret.
1728 558 1829 598 Alia
1872 560 1977 599 sunt

361 627 497 667 huius
539 627 712 678 generis
740 639 872 679 quam
914 627 1120 678 plurima,
1151 625 1315 676 quibus
1358 622 1628 673 praeclaram
1670 622 1793 662 illam
1831 633 1974 670 suam,

360 704 492 742 quam
522 692 575 731 de
596 692 724 732 nobis
744 692 943 742 concepit
972 691 1243 741 opinionem,
1266 687 1476 728 omnibus
1496 687 1600 727 facit
1628 686 1975 727 testatissimam.

361 756 621 807 Experimur
649 757 781 796 etiam
823 768 913 796 non
942 756 1171 806 uulgarem
1214 753 1402 792 aliarum
1441 751 1856 791 honestissimarum
1885 762 1979 801 per-

361 832 571 860 sonarum
600 833 703 872 erga
744 833 827 860 nos
857 820 1209 872 propensionem,
1241 829 1339 857 cum
1384 816 1591 856 uidelicet
1632 827 1750 855 nunc
1796 815 1976 863 casulis,

362 897 480 925 nunc
509 886 669 936 pannis
711 885 961 934 elaboratis,
992 896 1110 924 nunc
1155 882 1316 922 statuis
1345 883 1385 920 et
1429 880 1701 932 imaginibus
1738 880 1977 927 deauratis,

361 949 464 1000 alijs
506 950 551 989 id
593 962 732 1001 genus
774 950 1062 996 ornamentis,
1107 948 1244 987 altare
1287 947 1489 985 nostrum
1532 945 1737 984 decorare
1783 944 1976 984 student.

363 1013 486 1053 R.diSS
525 1014 788 1065 Delphinus,
821 1014 1011 1054 nuncius
1052 1012 1323 1063 apostolicus
1365 1010 1671 1061 dignissimus
1703 1021 1804 1049 cum
1832 1009 1980 1048 Mona-

361 1078 509 1118 chium
553 1079 717 1129 elapsis
746 1079 975 1118 mensibus
1015 1078 1070 1117 ad
1100 1076 1337 1116 concilium
1367 1074 1594 1114 illustriss.
1635 1073 1878 1124 principem
1907 1084 1980 1112 vo-

361 1145 541 1182 caturus
583 1143 853 1189 accessisset,
883 1142 1089 1182 eximiam
1119 1140 1342 1192 quandam
1373 1139 1443 1179 sui
1478 1151 1580 1189 erga
1610 1150 1692 1178 nos
1721 1138 1885 1178 amoris
1914 1137 1980 1177 de-

361 1207 426 1246 dit
455 1207 821 1258 significationem
841 1221 850 1254 ς
874 1210 915 1246 et
935 1209 1034 1258 post
1055 1206 1193 1246 multa
1214 1203 1492 1244 familiariter
1517 1203 1749 1256 nobiscum
1778 1204 1977 1249 tractata,

361 1271 511 1310 omnia
549 1272 725 1311 tandem
755 1283 800 1311 se
844 1271 982 1311 nostri
1012 1282 1146 1310 causa
1189 1269 1407 1308 facturum
1437 1267 1627 1318 benigne
1666 1266 1880 1317 promisit.
1911 1265 1980 1305 Ad

363 1335 470 1375 haec
511 1338 767 1376 curaturum
797 1348 843 1375 se
886 1336 1061 1386 recepit,
1095 1337 1139 1374 vt
1169 1335 1342 1374 labores
1385 1335 1427 1372 et
1468 1332 1615 1372 studia
1658 1333 1824 1380 nostra,
1868 1342 1980 1382 quae

362 1399 584 1440 iuuandae
614 1403 678 1440 ter
706 1401 891 1440 miserae
921 1401 1025 1440 huic
1054 1398 1315 1439 Germaniae
1358 1397 1672 1448 impendimus,
1704 1396 1759 1435 ad
1788 1407 1979 1446 vnguem

363 1464 583 1515 intelligat
625 1477 826 1505 summus
868 1465 1079 1515 pontifex.
1126 1464 1239 1503 Sunt
1282 1462 1489 1513 permulti
1533 1461 1607 1511 alij
1641 1461 1849 1511 primates
1879 1460 1977 1507 viri,

361 1541 472 1579 quos
502 1541 724 1569 recensere
753 1529 888 1568 nimis
916 1530 1098 1579 longum
1130 1529 1253 1577 foret,
1285 1527 1468 1566 abbates
1497 1526 1644 1573 etiam,
1667 1525 1743 1576 qui
1773 1524 1981 1564 omnibus

363 1594 506 1633 modis
534 1606 615 1633 suo
646 1606 726 1633 nos
772 1594 920 1633 fauore
964 1594 1133 1640 fulcire,
1166 1603 1334 1643 suaque
1373 1591 1642 1631 authoritate
1672 1589 1783 1629 tueri
1813 1591 1854 1629 et
1884 1601 1981 1640 pro-

363 1671 539 1698 mouere
581 1659 864 1698 contendant.
910 1659 1028 1698 Haec
1070 1660 1189 1702 sunt,
1223 1657 1274 1696 R.
1309 1657 1374 1703 P.,
1406 1667 1518 1707 quae
1548 1656 1631 1695 hoc
1668 1654 1980 1706 quadrimestri

362 1723 442 1762 tibi
472 1724 764 1774 significanda
793 1724 1061 1763 censuimus.
1084 1722 1210 1772 Quod
1240 1722 1461 1772 reliquum
1492 1723 1573 1767 est,
1596 1720 1677 1759 tibi
1708 1731 1776 1759 res
1806 1721 1980 1758 nostras

362 1800 514 1827 omnes
544 1800 712 1839 nosque
756 1790 870 1827 totos
900 1789 988 1827 tuis
1031 1787 1260 1837 sacrificijs
1289 1789 1330 1825 et
1359 1785 1638 1825 orationibus
1671 1784 1837 1824 sanctis
1866 1795 1981 1823 com-

362 1853 637 1898 mendamus,
669 1855 800 1903 atque
843 1852 1072 1891 tradimus.
1106 1852 1225 1890 Vale.
1259 1850 1479 1901 Monachij
1514 1850 1611 1888 14561
1644 1847 1850 1889 Calendis
1878 1847 1981 1898 Sep-

362 1917 557 1956 tembris.
591 1917 638 1957 T.
669 1917 720 1956 R.
754 1917 800 1956 P.
832 1916 1044 1967 indignus
1075 1916 1209 1955 tilius.

1135 2015 1511 2055 CHRISTOPHORUS
1541 2014 1815 2053 LYNDAURUS
1846 2014 1873 2052 ².

468 2165 724 2214 Inscriptio.
757 2163 928 2202 Literae
957 2162 1300 2214 quadrimestres
1329 2161 1666 2201 monachienses
1695 2172 1773 2211 pro
1802 2158 1981 2210 prouin-

362 2227 430 2266 cia
461 2227 613 2266 Italiae
643 2227 751 2267 citra
782 2228 982 2267 Romam.

425 2412 433 2428 ¹
458 2410 602 2441 Dicitur
623 2409 735 2441 etiam
760 2409 955 2442 Lindauer.
980 2410 1225 2441 Humaniores
1259 2409 1404 2441 litteras
1429 2409 1467 2441 in
1492 2408 1646 2449 collegio
1677 2406 1842 2439 docebat.
1874 2405 1981 2438 Anno

362 2462 594 2503 praecedenti
621 2471 665 2494 ex
699 2462 808 2494 Italia
840 2462 880 2494 in
914 2462 1147 2495 Germaniam
1176 2463 1353 2494 remissus
1377 2462 1444 2503 (Cf.
1470 2462 1774 2499 BRAUNSBERGER,
1804 2459 1846 2492 B.
1872 2459 1982 2492 Petri

367 2515 523 2547 canisii
544 2514 682 2555 Epist„
707 2515 752 2554 II,
776 2515 848 2554 596,
873 2515 957 2554 730),
983 2524 1080 2546 anno
1104 2515 1184 2547 1562
1206 2515 1341 2547 iterum
1366 2515 1404 2546 in
1428 2515 1573 2547 Italiam
1593 2514 1742 2552 missuS,
1761 2522 1782 2544 a
1798 2512 1981 2545 Societate

361 2568 493 2601 defecit
515 2568 620 2608 (ibid.
646 2568 708 2607 ΙΙΙ,
732 2568 805 2607 418,
829 2568 901 2606 443,
925 2568 996 2607 452,
1021 2568 1093 2605 454,
1117 2569 1188 2607 460,
1213 2569 1302 2609 461).
