2099 3516
385 246 455 281 506
854 246 1058 283 LITTERAE
1094 246 1437 290 QUADmMEs'rREs

340 375 513 412 narum,
545 376 657 414 quas
687 376 763 415 pro
792 365 1018 411 vxor-ibus,
1052 363 1204 414 putido
1234 374 1283 401 ac
1312 361 1526 412 nephario
1556 362 1705 401 Luteri
1735 362 1953 412 dogmate,

341 427 578 475 habebant,
614 429 739 479 graui
784 429 992 479 praestito
1038 429 1301 474 iuramento,
1347 426 1471 464 flexis
1514 426 1717 476 genibus,
1765 426 1955 465 maximo

340 504 439 532 cum
469 493 710 532 astantium
740 494 918 544 gaudio,
950 492 1274 532 absolutionem
1295 491 1350 529 ab
1371 490 1779 530 excomunicatione
1799 492 1841 529 et
1860 502 1957 529 cen—

341 556 459 596 suris
487 558 543 596 ab
573 557 669 608 ipso
698 558 903 608 episcopo
946 557 1142 607 quidam,
1188 555 1262 605 alij
1312 566 1410 593 vero
1449 555 1504 593 ab
1538 554 1634 593 eius
1677 554 1957 605 suffraganeo

341 624 643 671 susceperunt.

419 687 484 726 35.
518 687 647 726 Hunc
675 689 765 726 tam
795 688 971 726 uberem
1005 686 1210 730 fructum,
1251 696 1332 723 nos
1370 683 1547 734 quidem
1583 683 1803 733 imprimis
1837 695 1959 734 prae-

342 751 571 790 memorati
602 751 698 790 R.1¹¹i
725 751 891 801 insigni
922 751 1074 801 pietati
1105 762 1154 788 ac
1184 748 1457 799 solicitudinj
1494 748 1659 798 potius,
1690 760 1822 798 quam
1854 747 1959 786 ullis

342 814 444 865 alijs
474 815 724 856 tribuimus.
755 815 1013 865 Lachrymis
1034 814 1151 853 enim
1176 813 1307 861 uiuis,
1327 813 1429 852 altis
1450 812 1658 862 suspirijs
1677 824 1699 851 e
1716 812 1959 851 christiano

342 882 515 930 pectore
543 880 702 928 ductis,
735 892 888 920 omnes
918 892 984 925 eo,
1017 891 1104 929 quo
1134 878 1288 917 diuina
1326 877 1574 928 opitulante
1608 876 1749 927 gratia
1783 876 1958 916 deducti

343 946 462 991 sunt,
495 944 699 984 reducere
728 944 1033 984 contendebat.
1068 944 1145 982 Ille
1176 954 1279 982 uero
1300 943 1468 987 contra,
1495 941 1578 980 hoc
1599 941 1745 991 ipsum
1776 940 1959 980 facilita-

344 1008 401 1047 tis
430 1020 584 1059 genus,
618 1009 794 1060 propria
837 1009 1114 1058 aliorumque
1158 1006 1391 1054 sententia,
1437 1005 1642 1045 Societati
1686 1005 1789 1044 huic
1833 1004 1961 1043 mini-

344 1072 474 1124 m[a]e
503 1074 654 1113 defert.
688 1073 783 1124 Quo
814 1074 874 1121 fit,
906 1077 955 1112 ut
984 1074 1036 1112 (le
1066 1072 1257 1123 quodam
1287 1071 1375 1110 alio
1406 1070 1622 1121 Nouisolij
1657 1072 1669 1094 1
1700 1070 1961 1109 instruendo

343 1137 544 1188 collegio,
567 1138 707 1188 deque
728 1138 888 1189 prioris
914 1139 1166 1188 augmento,
1190 1147 1289 1175 cum
1319 1135 1485 1174 nostris
1514 1146 1604 1174 non
1633 1134 1769 1174 semel
1799 1134 1957 1185 egerit;

343 1201 462 1251 quod
491 1202 615 1241 nulla
645 1202 814 1241 ratione
843 1204 999 1253 speret,
1032 1213 1077 1240 se
1106 1212 1235 1251 posse
1272 1198 1668 1250 archiepiscopatui
1706 1210 1786 1238 suo
1816 1197 1962 1249 proui-

344 1265 445 1304 dere
475 1267 647 1314 melius,
680 1279 821 1318 neque
850 1267 1092 1305 haereticos
1123 1266 1177 1304 ad
1208 1264 1371 1304 Christi
1410 1264 1539 1303 fidem
1579 1264 1784 1302 reducere
1813 1262 1959 1310 citius,

344 1342 394 1369 ac
424 1331 614 1380 facilius,
646 1344 778 1383 quam
813 1332 850 1371 si
894 1332 939 1370 in
984 1331 1073 1370 illis
1118 1330 1227 1369 locis
1272 1329 1461 1368 maxime
1503 1329 1689 1379 collegia
1731 1327 1962 1367 Societatis

344 1395 585 1446 erigantur,
616 1397 690 1435 Vbi
720 1397 904 1436 liberius
933 1408 982 1435 ac
1014 1395 1304 1446 periculosius
1336 1393 1452 1433 uires
1481 1405 1587 1433 suas
1616 1392 1847 1432 auernicas
1868 1403 1963 1430 exe-

344 1461 448 1498 runt
468 1459 549 1506 illi,
572 1461 648 1510 qui
669 1460 886 1505 ciuitates,
910 1472 1021 1510 quas
1042 1461 1276 1498 montanas
1307 1459 1480 1506 uocant,
1513 1457 1628 1507 quot]
1661 1456 1707 1495 in
1737 1455 1963 1495 montibus

344 1523 454 1563 sitae
483 1524 587 1571 sint,
619 1537 818 1576 quasque
848 1525 990 1563 modis
1019 1524 1227 1563 omnibus
1261 1525 1456 1562 euertere
1490 1522 1709 1567 nituntur,
1746 1521 1959 1560 incolunt.

423 1589 488 1628 36.
539 1590 663 1628 R.¹¹¹¹¹S
706 1601 882 1640 quoque
929 1588 1332 1639 transyluaniensis
1369 1589 1399 1634 ²,
1432 1586 1688 1637 episcopatu
1732 1585 1961 1635 expulsus,

345 1653 474 1692 modo
496 1654 724 1694 nitriensis
745 1654 1091 1701 administrator,
1119 1665 1218 1692 cum
1248 1664 1378 1703 saepe
1408 1651 1520 1690 alias
1549 1662 1682 1701 opera
1711 1652 1962 1689 nostrorum

345 1718 403 1757 sit
432 1730 556 1763 usus,
588 1721 680 1758 tum
713 1720 901 1758 maxime
940 1719 1023 1757 hoc
1067 1721 1260 1768 tempore
1304 1717 1459 1763 voluit,
1491 1727 1541 1755 ac
1570 1715 1714 1755 modis
1756 1714 1965 1753 omnibus

345 1784 585 1831 contendit,
611 1786 657 1823 ut
676 1784 746 1823 uel
777 1784 860 1823 soli
891 1783 1029 1822 nostri
1060 1783 1268 1821 ecclesiae
1299 1781 1503 1820 nitriensi
1533 1780 1753 1827 adessent,
1786 1779 1964 1829 quando

346 1848 541 1888 adfuturi
571 1851 696 1888 erant
724 1849 927 1888 aduocati
957 1848 1205 1887 sacerdotes
1236 1847 1372 1886 totius
1402 1846 1526 1885 illius
1555 1846 1819 1892 dioeceseos,
1852 1844 1965 1882 inter

346 1925 458 1964 quos
492 1916 707 1953 uenturus
750 1914 978 1953 dicebatur
1021 1913 1240 1963 pessimus
1284 1911 1466 1962 quidam
1508 1909 1847 1950 trincbiniensis
1889 1920 1965 1959 pa-

347 1978 523 2025 rochus,
564 1978 836 2029 reliquorum
875 1978 1194 2016 haereticorum
1238 1976 1367 2027 quasi
1410 1976 1500 2015 dux
1542 1977 1584 2014 et
1627 1974 1963 2024 antesignanus,

348 2043 496 2082 nescio
539 2055 624 2094 qua
669 2043 871 2082 demonis
914 2042 1095 2081 audatia
1136 2053 1335 2092 sperans,
1381 2041 1487 2087 sore,
1533 2042 1582 2079 ut
1620 2039 1691 2078 uel
1726 2039 1864 2086 solus,
1897 2039 1966 2077 uir

347 2108 603 2159 aliquando,
628 2110 675 2147 ut
694 2107 966 2155 audiuimus
990 2119 1144 2157 parum
1166 2107 1336 2149 doctus,
1368 2105 1610 2145 catholicos
1639 2115 1792 2143 omnes
1821 2103 1966 2142 reuin-

347 2174 475 2212 ceret.
509 2173 607 2223 Egit
637 2173 784 2223 itaque
813 2183 913 2211 cum
944 2172 1125 2210 Rectore
1147 2174 1299 2210 nostro
1320 2182 1396 2221 per
1420 2170 1589 2209 litteras
1620 2169 1838 2208 instanter
1868 2167 1967 2218 pius

348 2238 422 2277 ille
453 2240 588 2288 pater,
620 2240 668 2277 ut
699 2237 769 2276 uel
799 2237 892 2287 ipse
921 2236 1058 2283 solus,
1092 2236 1163 2275 uel
1198 2248 1297 2275 cuni
1341 2235 1455 2274 sotio
1498 2233 1659 2285 quouis
1704 2233 1807 2280 alio,
1852 2234 1966 2271 stato

348 2305 542 2353 tempore
566 2302 620 2341 ad
642 2313 688 2341 se
708 2301 1011 2348 descenderet;
1045 2301 1116 2339 uel
1137 2303 1250 2339 certe
1271 2299 1522 2351 quempiam
1553 2299 1691 2338 alium
1721 2310 1772 2337 ex
1802 2296 1967 2336 nostris

348 2379 413 2415 eo,
446 2367 624 2406 nomine
653 2379 749 2414 suo,
781 2367 818 2405 si
849 2366 972 2405 nulla
1003 2366 1172 2405 ratione
1203 2366 1246 2404 id
1279 2365 1372 2415 ipse
1413 2366 1633 2415 praestare
1673 2364 1834 2414 posset,
1871 2361 1967 2401 mit-

347 2434 456 2472 teret
475 2432 645 2483 synodo
666 2432 936 2471 adfuturum.
957 2429 1128 2469 Literae
1150 2442 1254 2469 uero
1276 2432 1399 2469 tanta
1429 2431 1554 2468 erant
1583 2428 1745 2479 pietate
1767 2427 1964 2470 refertae,

349 2497 492 2548 ijsque
514 2496 661 2536 uerbis
681 2495 986 2539 concinnatae,
1010 2497 1071 2542 ut,
1096 2495 1167 2534 uel
1191 2495 1415 2545 lapideum
1435 2506 1510 2533 cor
1529 2493 1585 2532 ad
1611 2493 1761 2532 fletum
1792 2502 1968 2530 mouere

349 2561 610 2612 potuissent.
643 2560 903 2600 Declarabat
931 2560 1106 2599 abunde
1136 2559 1245 2598 satis
1273 2559 1483 2609 antiquae
1512 2557 1690 2608 pietatis
1719 2558 1850 2607 atque
1880 2567 1968 2594 ma-

349 2627 544 2666 turitatis
574 2625 749 2677 praesul
779 2624 868 2672 ille,
901 2626 1117 2675 quantum
1146 2624 1239 2674 spei
1270 2624 1316 2662 in
1347 2624 1430 2662 hoc
1458 2622 1700 2662 officiorum
1736 2619 1968 2660 Societatis

349 2703 507 2742 genere
536 2690 816 2737 collocasset,
849 2700 898 2728 ac
928 2700 978 2728 ea
1007 2688 1171 2739 pariter
1201 2688 1374 2728 Rectori
1405 2689 1557 2727 nostro
1586 2686 1825 2732 tribuebat,
1856 2696 1969 2735 quae

350 2756 435 2795 sibi
466 2756 559 2806 ipse
589 2765 793 2805 arrogare
823 2753 899 2793 uix
932 2765 1122 2804 vnquam
1162 2753 1320 2793 fuisset
1348 2764 1500 2792 ausus.
1540 2750 1730 2802 Negauit
1758 2761 1819 2797 se,
1851 2748 1969 2800 quod

414 2910 423 2927 ¹
448 2908 626 2940 Novisolii
664 2905 853 2948 (Neosolii‚
890 2905 1069 2944 Neusohl)
1106 2914 1204 2937 anno
1242 2906 1318 2936 1661
1357 2905 1506 2936 tandem
1543 2903 1739 2944 collegium
1769 2902 1848 2934 Soc.
1887 2901 1970 2933 Iesu

351 2962 512 2993 erectum
535 2961 602 2993 est.
628 2959 680 2993 Cf.
704 2959 916 2991 PACHTLER:
942 2957 1057 2989 Ratio
1080 2957 1325 2993 Studiorum,
1350 2957 1412 2995 ΙΙΙ,
1437 2966 1472 2998 p.
1497 2956 1572 2989 XV.

413 3016 426 3033 ²
449 3014 585 3046 Paulus
608 3011 833 3044 Abstemius.
