2099 3516
542 285 622 321 569.
650 306 694 310 —
720 285 884 321 TOLETO
915 283 929 319 l
959 283 1215 320 SEPTEMBRIS
1243 283 1332 319 1561
1661 284 1727 318 491

151 408 197 445 vt
217 405 383 445 addant
404 404 714 444 deficientibus
734 404 949 447 animum,
973 414 1062 453 quo
1092 402 1183 442 sint
1211 402 1456 453 paratiores
1477 402 1532 441 ad
1557 401 1779 452 supplicia

150 471 370 522 patienter
410 469 669 516 toleranda,
702 469 822 520 quod
851 468 1039 520 cupiunt
1077 467 1286 507 nonnulli
1316 469 1364 507 vt
1392 467 1652 518 saepissime
1686 467 1776 515 fiat,

152 537 198 576 vt
226 535 376 574 animo
419 534 604 574 firmiori
647 534 889 585 patiantur,
921 535 963 572 et
992 545 1017 572 a
1048 532 1213 572 nostris
1241 532 1350 583 quid
1379 543 1455 571 eos
1484 533 1684 583 oporteat
1720 531 1780 570 fa-

151 612 246 640 cere
275 599 544 651 intelligant.
572 598 659 639 Nec
680 611 782 638 vero
804 597 993 638 infirmis
1014 597 1212 637 ciuitatis
1232 599 1420 647 negatur
1448 598 1601 636 nostra
1630 607 1778 646 opera,

151 665 261 716 quin
290 664 469 715 saepius
498 664 553 703 ad
579 676 654 704 eos
684 663 907 704 iuuandos
937 662 1079 702 nostri
1109 674 1205 701 sese
1234 662 1496 709 conferunt,
1529 673 1620 700 non
1651 661 1781 700 modo

150 729 509 771 confessionibus
553 729 803 776 audiendis,
836 728 913 768 sed
942 727 1076 768 etiam
1113 727 1408 767 morientibus
1438 726 1679 770 assistitur,
1712 726 1782 765 do-

152 807 232 835 nec
274 795 467 834 animam
515 794 622 845 (Deo
656 794 895 844 annuente)
940 792 1279 840 exhalauerint;
1329 792 1440 831 vnde
1484 791 1653 831 tructus
1693 802 1783 830 non

152 861 297 900 solum
329 859 568 899 morientes
597 867 630 907 ἃ,
663 859 741 899 sed.
769 859 902 898 etiam
932 858 1193 898 assistentes
1224 857 1445 908 plurimus
1477 856 1779 907 consequitur.

152 925 281 966 Videt
311 925 428 964 enim
474 924 784 976 vnusquisque
826 923 984 973 oculis,
1012 925 1054 962 et
1082 922 1222 970 audit,
1255 922 1478 973 quomodo
1508 933 1554 961 se
1584 921 1640 960 ad
1669 921 1784 960 eius-

152 990 273 1030 modi
302 989 541 1029 terminum
571 990 722 1029 deceat
750 1000 1028 1041 praeparare,
1056 987 1134 1038 qui
1165 988 1339 1027 nullum
1369 989 1435 1026 est
1464 986 1784 1038 praeteriturus

153 1055 424 1095 mortalium.
459 1055 509 1094 In
539 1055 642 1106 alijs
672 1054 864 1106 denique
885 1053 1094 1105 operibus
1124 1053 1356 1092 charitatis
1384 1054 1660 1103 occupantur
1684 1063 1785 1091 nos-

153 1121 224 1169 tri,
257 1122 405 1171 vtpote
448 1120 622 1159 animas
665 1119 974 1159 cacodemonis
1005 1118 1191 1170 imperio
1221 1118 1426 1158 subditas
1470 1117 1515 1157 in
1556 1129 1704 1156 veram
1734 1116 1784 1156 li-

153 1187 365 1226 bertatem
398 1186 631 1225 vendicare
662 1185 772 1237 [sic].
806 1184 1029 1235 Quaedam
1057 1184 1174 1224 enim
1206 1183 1366 1223 mulier
1395 1182 1661 1234 alienigena,
1684 1194 1784 1222 cum

153 1252 395 1290 amatorem
443 1253 647 1301 sequuta,
697 1251 927 1302 paternam
975 1249 1245 1289 deseruisset
1288 1249 1485 1295 domum,
1536 1247 1785 1287 ministerio

152 1317 407 1355 nostrorum
437 1316 494 1355 ad
523 1316 750 1355 meliorem
780 1315 951 1366 frugem
981 1326 1028 1354 se
1058 1314 1235 1366 recepit,
1259 1313 1490 1365 religionis
1519 1312 1785 1353 coenobium

154 1382 370 1433 ingressa,
396 1382 468 1421 vbi
491 1393 653 1431 magna
672 1393 773 1421 cum
803 1380 1109 1421 aedificatione
1138 1379 1338 1419 omnium
1359 1381 1613 1430 perseuerat.
1634 1379 1679 1417 in
1702 1378 1787 1417 vir-

153 1449 260 1487 tute.
308 1447 451 1486 Homo
493 1446 676 1498 quidam
719 1448 944 1498 praeterea
978 1457 1153 1485 onrem
1198 1445 1245 1484 in
1276 1445 1455 1484 vincula
1494 1443 1786 1495 coijciendam

154 1514 403 1559 curauerat,
435 1514 474 1551 et
506 1524 603 1551 eam
633 1512 686 1551 de
716 1511 935 1551 adulterio
965 1510 1328 1550 constantissime
1357 1509 1609 1556 accusabat,
1641 1510 1787 1548 certus

155 1589 244 1617 rem
276 1577 332 1616 ad
374 1577 507 1617 finem
538 1588 677 1627 Vsque
719 1577 971 1628 perducere,
1004 1576 1091 1615 nisi
1123 1576 1255 1615 vnius
1298 1587 1351 1615 ex
1394 1574 1560 1614 nostris
1604 1573 1788 1612 monitis

156 1642 424 1681 sententiam
456 1643 684 1690 mutasset,
717 1641 958 1680 dummodo
988 1641 1086 1692 ipsa
1111 1640 1158 1680 in
1188 1639 1507 1680 monasterium
1537 1637 1721 1689 aliquod
1741 1649 1788 1677 se

157 1707 382 1758 reciperet,
415 1707 641 1758 pollicitus
672 1718 718 1746 se
749 1718 838 1746 non
869 1706 1056 1746 vlterius
1086 1717 1442 1757 progressurum,
1474 1704 1584 1755 quin
1613 1715 1725 1751 eam,
1750 1702 1787 1742 si

157 1784 257 1811 vere
288 1772 579 1823 resipisceret,
611 1774 905 1823 recepturum.

235 1838 274 1877 3.
308 1838 427 1877 Inter
456 1837 564 1876 haec
597 1837 748 1876 omnia
792 1836 969 1888 negotia
1014 1836 1159 1876 solent
1196 1835 1329 1875 etiam
1369 1834 1512 1874 nostri
1555 1834 1674 1885 quod
1718 1845 1790 1873 su-

157 1904 300 1954 perest
342 1902 569 1952 temporis,
602 1902 663 1941 rei
703 1902 925 1941 literariae
969 1901 1237 1952 impendere,
1269 1913 1358 1951 quo
1400 1899 1678 1940 commodius
1707 1911 1789 1938 sua

157 1967 312 2007 munia
358 1969 647 2017 exequantur.
679 1966 964 2007 Conueniunt
1008 1966 1126 2005 enim
1174 1978 1259 2005 vna
1301 1965 1495 2016 singulis
1538 1965 1711 2011 diebus,
1745 1966 1791 2003 vt

158 2033 391 2073 lectionem
435 2032 686 2084 theologiae
716 2044 741 2072 a
772 2033 900 2072 Patre
945 2033 1128 2071 Rectore
1158 2034 1169 2056 1
1202 2031 1403 2077 audiant,
1453 2042 1586 2081 quam
1630 2029 1790 2069 deinde

158 2098 245 2150 ipsi
274 2099 391 2138 inter
419 2111 465 2138 se
496 2098 710 2138 ventilare
756 2098 944 2149 possint,
976 2098 1105 2138 cuius
1135 2097 1197 2137 rei
1228 2097 1420 2137 fructum
1450 2096 1668 2147 optimum
1699 2095 1791 2135 fore

158 2176 404 2216 speramus,

238 2230 277 2270 4.
310 2230 479 2269 Domus
522 2229 701 2280 propria
730 2229 777 2268 in
821 2229 903 2269 hac
933 2229 1038 2268 vrbe
1068 2228 1200 2268 nobis
1242 2228 1458 2268 hactenus
1489 2238 1579 2266 non
1619 2226 1788 2272 fuerat;

160 2295 276 2334 hanc
322 2296 470 2334 tamen
518 2294 708 2334 emimus
755 2295 839 2334 hoc
886 2296 1082 2345 tempore
1129 2292 1560 2333 commodissimam:
1598 2291 1789 2337 tametsi,

160 2360 371 2412 quoniam
403 2360 499 2400 eius
529 2362 595 2399 est
623 2360 800 2411 generis
820 2362 866 2399 vt
896 2359 1028 2399 vendi
1058 2359 1188 2399 facile
1217 2360 1422 2410 nequeat,
1446 2357 1531 2397 fuit
1559 2357 1656 2396 eius
1686 2368 1792 2395 ven-

161 2425 330 2465 dendae
360 2425 549 2465 facultas
592 2437 618 2464 a
660 2437 761 2476 rege
794 2425 1089 2476 impetranda,
1121 2435 1234 2475 quae
1264 2423 1353 2463 iam
1383 2425 1449 2462 est
1478 2434 1531 2462 ex
1561 2423 1684 2473 parte
1714 2421 1793 2460 im-

160 2492 358 2545 petrata;
391 2502 505 2541 quae
535 2502 604 2530 res
635 2490 719 2530 fuit
748 2490 967 2541 voluptati
999 2502 1133 2540 quam
1165 2488 1372 2540 plurimis
1401 2487 1594 2533 ciuibus,
1630 2485 1792 2537 partim

161 2555 281 2607 quod
310 2555 443 2595 nobis
472 2567 627 2595 omnes
655 2556 768 2595 bene
796 2555 998 2606 cupiunt,
1031 2554 1192 2606 partim
1222 2554 1355 2594 etiam
1386 2553 1505 2605 quod
1534 2555 1600 2592 est
1629 2551 1717 2591 sita
1746 2551 1793 2590 in

162 2619 306 2660 media
339 2621 457 2668 vrbe,
488 2619 585 2660 loco
614 2620 975 2661 commodissimo
1004 2621 1034 2660 ².
1067 2619 1226 2660 Statim
1256 2631 1282 2658 a
1311 2617 1531 2670 principio
1563 2618 1625 2666 (vt
1654 2616 1700 2655 in
1730 2627 1794 2655 re-

224 2787 244 2807 a
263 2778 426 2812 Emend.
450 2788 498 2812 ex
520 2779 779 2812 morientibus.

227 2917 235 2934 ¹
261 2915 298 2949 P.
324 2916 456 2949 Petrus
479 2915 700 2949 Domenech.

226 2971 239 2989 Β
261 2969 354 3002 Vide
387 2969 581 3002 certiorem
614 2969 712 3001 situs
741 2969 1028 3010 descriptionem
1062 2969 1102 3001 in
1135 2969 1209 3002 litt.
1244 2967 1427 3010 quadrim.
1460 2968 1475 2999 1
1510 2965 1677 2998 Ianuarii
1701 2964 1793 2997 1562,

165 3022 263 3056 Loca
284 3023 325 3055 in
346 3022 486 3065 quibus
519 3022 639 3055 nostri
673 3022 792 3055 Toleti
825 3021 1060 3061 habitarunt,
1085 3022 1306 3064 priusquam
1339 3020 1527 3063 propriam
1560 3018 1709 3051 domum
1732 3017 1797 3049 ha·

165 3075 339 3116 buerunt,
373 3075 467 3108 bene
500 3075 655 3117 exponit
686 3075 880 3107 ALCAZAR:
919 3074 1276 3114 Chreme-historia,
1307 3073 1335 3113 I,
1360 3073 1421 3105 366
1454 3072 1528 3113 (an.
1554 3071 1661 3111 1559),
1686 3069 1731 3109 ΙΙ,
1756 3069 1797 3102 39
