2099 3516
528 271 608 308 603.
636 293 681 297 —
706 271 927 308 MONAcmo
956 272 972 307 1
1002 271 1195 308 IANUARU
1225 272 1316 308 1562
1625 273 1693 309 667

109 399 208 428 sese
236 387 436 435 credunt,
459 388 674 438 paulatim
694 391 926 441 corruptos
948 401 1091 429 mores
1111 389 1363 437 emendant,
1388 390 1526 429 uitam
1548 390 1594 429 in
1615 391 1741 430 scho-

109 454 166 493 lis
208 453 388 500 nostris,
422 455 634 504 tanquam
676 455 760 494 sub
807 454 1013 494 incudem
1057 456 1290 501 reuocant;
1338 455 1455 494 mala
1498 455 1737 502 consortia,

108 518 357 558 iuuentutis
379 520 537 569 pestes,
562 519 740 569 penitus
760 522 1035 568 execrantur,
1054 521 1095 559 et
1112 532 1136 559 a
1154 519 1285 559 nobis
1302 521 1458 570 petunt
1474 521 1523 559 ut
1538 520 1739 560 ordinem

107 583 358 623 studiorum
399 583 621 634 uitaeque,
659 585 905 625 secundum
939 585 1079 625 Deum
1111 584 1329 635 gerendae
1368 585 1737 635 praescribamus,

108 648 235 698 Quod
265 648 320 687 ad
350 648 499 688 studia
528 648 703 696 attinet,
726 647 965 700 proficiunt
994 649 1080 700 ipsi
1109 648 1320 700 discipuli
1351 649 1589 700 praeclare,
1618 662 1740 700 prae—

106 713 287 753 stitutas
302 712 474 752 dierum
496 713 709 753 festorum
730 714 1077 754 declamationes
1097 726 1151 754 ex
1179 713 1334 754 ordine
1355 716 1552 763 seruant,
1575 714 1740 754 latinae

105 778 286 830 linguae
308 789 439 817 usum
461 778 666 826 retinent,
690 778 1018 830 disputationes
1039 779 1216 830 aliaque
1238 779 1466 819 fructuosa
1486 779 1738 819 studiorum

105 843 314 883 exercitia
334 854 486 882 recens
506 843 712 882 ordinata
740 844 978 895 diligenter
1006 845 1261 884 obseruant.
1287 844 1338 883 [n
1358 843 1557 894 proxime
1586 844 1737 895 elapsa

104 908 353 948 studiorum
385 908 690 952 renouatione,
714 908 891 960 aliquos
920 909 976 948 ad
1006 909 1187 949 altiores
1217 909 1383 948 classes
1413 909 1735 960 promouimus,

104 985 219 1025 quae
247 973 427 1024 quidem
457 973 676 1012 celebrata
706 976 773 1012 est
802 974 977 1013 solenni
999 974 1193 1024 quodam
1224 974 1328 1022 ritu,
1351 974 1548 1014 recitatis
1577 975 1737 1014 oratio-

103 1038 253 1086 nibus,
284 1037 574 1085 carminibus,
606 1040 740 1078 cantu
769 1051 946 1090 quoque
977 1039 1146 1079 musico
1180 1039 1384 1078 adhibito
1413 1041 1454 1078 et
1483 1039 1737 1079 distributis

102 1104 374 1156 praemiolis,
396 1104 562 1155 quibus
581 1103 775 1155 primum
806 1106 848 1143 et
877 1104 1122 1144 secundum
1144 1104 1371 1144 studiosos
1399 1105 1602 1144 omnium
1625 1105 1736 1145 clas-

101 1170 235 1217 sium,
257 1169 334 1221 qui
356 1181 459 1219 prae
488 1169 673 1208 coeteris
702 1169 936 1217 doctiores,
959 1172 1002 1209 et
1023 1170 1101 1209 tali
1122 1170 1323 1209 laureola
1347 1169 1574 1221 digniores
1603 1170 1736 1210 nobis

102 1236 187 1276 uisi
217 1237 337 1282 sunt,
367 1234 645 1274 ornauimus.
669 1233 790 1284 Quae
821 1234 1014 1285 praemia
1036 1235 1141 1285 quia
1172 1234 1219 1274 in
1250 1236 1476 1286 posterum
1510 1235 1730 1286 ampliora

101 1302 250 1341 futura
280 1301 399 1347 sunt,
424 1299 585 1339 mirum
614 1311 748 1350 quam
771 1299 842 1338 uel
863 1303 959 1338 sola
979 1311 1131 1339 eorum
1153 1312 1230 1351 spe
1259 1300 1559 1339 accendantur
1578 1302 1620 1339 et
1640 1300 1734 1340 ani-

100 1368 276 1405 mentur
318 1365 424 1404 dum
468 1364 659 1414 quisque
702 1363 805 1415 aliis
834 1376 886 1403 ea
916 1365 1179 1415 praeripere,
1211 1367 1254 1404 et
1295 1365 1481 1415 reliquis
1523 1365 1734 1405 omnibus

98 1431 361 1471 antecellere
389 1429 550 1469 studet.
583 1430 763 1468 Praeter
791 1429 900 1468 haec
929 1432 1075 1469 autem
1108 1429 1284 1480 publica
1318 1432 1360 1470 et
1388 1442 1540 1470 annua
1569 1430 1736 1471 doctio-

99 1497 224 1536 ribus
252 1496 427 1535 decreta
457 1494 667 1546 praemia,
699 1497 742 1534 et
770 1494 859 1534 alia
889 1495 1079 1534 subinde
1109 1495 1364 1535 iunioribus
1393 1495 1470 1546 qui
1500 1495 1662 1546 pietate
1691 1499 1733 1536 et

98 1560 331 1612 diligentia
374 1560 531 1599 classis
564 1571 672 1599 suae
711 1559 856 1599 socios
899 1562 1125 1610 superant,
1156 1561 1476 1608 conceduntur,
1510 1562 1557 1600 ut
1588 1560 1733 1601 modis

97 1626 308 1666 omnibus
337 1626 393 1665 ad
422 1625 704 1665 sanctitatem
733 1626 776 1664 et
804 1625 1097 1664 eruditionem
1145 1625 1387 1664 incitentur
1429 1625 1586 1676 optimi
1629 1626 1733 1666 ado-

98 1691 346 1731 lescentuli.
386 1690 693 1741 Tragoediam,
740 1690 919 1730 Virtutis
962 1692 1004 1729 et
1048 1690 1290 1741 voluptatis
1332 1702 1530 1742 pugnam
1560 1693 1589 1738 1,
1621 1691 1733 1731 mira

96 1757 331 1808 grauitate,
363 1755 668 1795 satisfactione
697 1758 739 1795 et
768 1755 990 1806 applausu
1031 1756 1279 1803 hominum,
1314 1756 1489 1806 publice
1518 1756 1729 1796 exhibue-

97 1824 214 1861 runt.
248 1821 367 1861 Haec
396 1821 553 1860 habuit
584 1820 783 1860 actiones
812 1821 1029 1860 sublimes
1058 1823 1100 1860 et
1130 1820 1381 1872 spectacula
1403 1832 1641 1871 pomposa;
1674 1821 1729 1860 ad

97 1887 309 1926 maiorem
338 1888 544 1925 ornatum
575 1886 765 1925 adhibiti
798 1886 977 1925 fuerunt
1019 1886 1242 1925 tubicines
1284 1885 1580 1925 illustrissimi
1610 1886 1731 1937 prin-

95 1952 208 2003 cipis
237 1952 379 1991 nostri
409 1953 438 1991 2.
473 1951 776 1991 interfuerunt
818 1953 966 1991 autem
1011 1951 1179 2002 primae
1222 1951 1388 1990 actioni
1430 1953 1729 2002 spectatorum

94 2018 267 2069 aliquot
309 2017 449 2064 milia,
482 2019 573 2056 tam
615 2028 668 2056 ex
712 2017 895 2067 plebeis,
927 2029 1059 2068 quam
1105 2016 1376 2067 proceribus,
1400 2016 1516 2056 inter
1544 2029 1657 2068 quos
1686 2020 1729 2057 et

95 2083 181 2134 ipsi
210 2083 343 2122 etiam
373 2082 539 2122 affuere
575 2082 773 2122 iuniores
819 2082 1056 2133 principes,
1089 2094 1234 2121 coram
1280 2082 1587 2122 illustrissimo
1617 2083 1728 2123 duce

94 2148 399 2188 illustrissima
430 2160 567 2187 uxore
596 2148 749 2199 regina
780 2149 809 2196 3,
842 2149 1169 2199 praecipuaque
1213 2148 1430 2187 Bauariae
1467 2148 1724 2196 nobilitate;

93 2213 288 2253 secundo
318 2215 414 2253 acta
444 2215 510 2252 est
540 2213 697 2253 maiori
740 2213 873 2252 etiam
918 2216 1135 2264 apparatu
1178 2225 1258 2252 nec
1296 2213 1458 2252 minori
1488 2213 1724 2264 applausu.

93 2278 224 2318 Pueri
254 2281 438 2326 actores,
471 2279 616 2318 aulico
647 2278 806 2318 deinde
835 2279 1004 2330 excepti
1027 2280 1132 2318 sunt
1152 2278 1379 2325 conuiuio,
1402 2278 1567 2329 quibus
1596 2281 1726 2319 antea

92 2344 225 2384 etiam
255 2344 578 2394 pretiosissima
608 2355 811 2395 quaeque
845 2344 1111 2383 uestimenta
1155 2346 1196 2383 et
1239 2344 1367 2383 aulea
1410 2344 1725 2394 operorissima

92 2409 148 2448 ad
190 2409 401 2448 maiorem
446 2409 635 2448 actionis
679 2411 902 2455 ornatum,
948 2421 1000 2448 ex
1044 2409 1197 2448 eadem
1242 2408 1471 2448 illustriss
1510 2409 1725 2460 principis

91 2475 210 2521 aula,
244 2474 573 2526 promptissime
615 2477 742 2514 erant
783 2487 1007 2515 concessa.
1039 2475 1161 2514 Dixit
1203 2474 1385 2525 quidam
1428 2486 1574 2513 coram
1606 2475 1725 2525 prin-

91 2540 201 2591 cipe,
233 2540 273 2580 ei
303 2541 359 2579 ab
397 2540 569 2579 intimis
611 2540 829 2587 consiliis,
862 2540 971 2579 haec
1014 2539 1264 2579 iuuentutis
1308 2541 1486 2578 nostrae
1515 2540 1724 2579 exercitia

90 2605 261 2656 optima
288 2617 385 2645 esse
406 2605 551 2645 media
572 2605 806 2645 hominum
837 2605 1012 2644 animos
1050 2606 1218 2656 absque
1260 2604 1478 2644 seditione
1517 2604 1720 2653 iuuandi,

152 2742 163 2759 ¹
186 2740 238 2774 Cf.
264 2741 388 2773 DUHR:
418 2740 646 2773 Geschichte
670 2740 741 2773 der
762 2740 981 2773 Jesuiten...
1007 2741 1034 2781 I,
1058 2741 1131 2773 342.

151 2795 164 2814 2

152 2849 164 2867 ³
185 2794 534 2880 ssbbiiegtggrgnandi
551 2847 786 2888 imperatoris
804 2847 892 2879 filia.
912 2847 997 2879 Filii
1014 2847 1089 2879 illis
1106 2847 1327 2888 superstites
1344 2848 1466 2879 erant:
1486 2846 1720 2887 Guilielmus,

89 2901 202 2933 natus
225 2909 324 2933 anno
348 2901 439 2939 1548,
480 2900 750 2940 Ferdinandus,
775 2910 812 2933 n.
838 2901 929 2940 1550,
954 2900 1082 2940 Maria,
1108 2910 1143 2933 n.
1170 2901 1261 2939 1551,
1300 2899 1416 2932 Maria
1452 2900 1719 2940 Maximiliana,

89 2963 125 2986 n.
150 2954 242 2994 1552,
267 2953 458 2993 Ernestus,
484 2963 520 2986 n.
547 2954 638 2986 1554.
677 2953 728 2987 Cf.
767 2953 1084 2986 RITTERsnusms:
1128 2953 1389 2994 Genealogyiae
1420 2954 1719 2994 imperatorum,

88 3015 238 3048 regum,
278 3006 436 3043 ducum,
475 3006 673 3043 comitum,
698 3006 725 3046 I,
751 3007 872 3039 Ducns
910 3007 1118 3043 BAvAmAE:
1158 3006 1359 3039 CHIUSOLE:
1391 3006 1454 3038 La
1480 3005 1722 3048 Genealoyia

88 3059 185 3092 delle
209 3069 298 3092 case
314 3060 392 3101 piso
414 3059 570 3092 illustri
593 3059 636 3092 di
657 3061 755 3092 tutto
778 3060 809 3092 il
835 3060 985 3100 mondo,
1009 3060 1147 3092 Tavola
1170 3059 1326 3092 CXXVI.
