2099 3516
497 260 578 296 570.
604 281 650 285 —
674 260 917 296 anonoNA
946 258 962 293 1
992 257 1248 293 SEPTEMBms
1276 256 1363 292 1561
1630 255 1695 291 501

119 383 322 421 nostrum
353 380 436 431 (est
476 379 595 419 enim
638 377 989 426 ornatissimum)
1021 387 1068 415 se
1098 386 1227 426 posse
1270 373 1473 413 inuenire
1511 373 1744 421 solacium,

120 445 166 485 in
209 445 345 484 tantis
388 444 483 484 suis
526 443 671 492 malis,
716 443 936 482 affirmare
979 452 1070 480 non
1113 440 1360 479 verebatur.
1405 438 1607 477 Paradisi
1650 438 1749 477 loco

118 510 332 561 templum
362 511 564 548 nostrum
595 509 743 554 habet,
766 518 950 557 seseque
979 507 1035 545 ab
1065 504 1238 556 angelis
1268 503 1415 543 vocari
1445 503 1624 554 cogitat,
1647 514 1748 542 cum

118 575 247 626 signo
267 585 509 625 campanae
539 573 677 613 sacris
707 573 919 612 interesse
949 571 1226 610 admonetur.
1260 569 1423 609 Verum
1453 580 1508 608 ne
1537 568 1635 608 leue
1665 568 1749 607 hoc

119 639 336 687 videatur,
359 639 487 690 quasi
518 651 542 677 a
572 638 791 678 foemineo
820 648 928 676 sexu
955 635 1243 687 productum
1267 636 1373 674 sunt
1392 633 1591 685 primarij
1615 633 1749 672 etiam

119 705 217 752 viri,
249 704 326 756 qui
359 715 505 743 coram
538 703 723 743 Caesare
765 703 933 748 nostro,
966 703 1015 741 ut
1058 700 1210 740 videor
1239 712 1265 739 a
1293 699 1486 751 quodam
1529 697 1749 749 singulari

119 771 270 809 nostro
317 771 504 820 patrono
551 768 796 814 audiuisse,
846 779 896 806 ac
943 766 1060 817 alijs,
1111 766 1333 805 affirmare
1387 776 1475 804 non
1523 763 1745 810 dubitant,

118 845 199 873 nos
242 834 325 873 hoc
367 836 562 884 tempore
605 833 726 873 solos
768 832 896 884 quasi
932 843 954 870 e
984 831 1159 870 liminio
1203 831 1290 870 huc
1332 830 1533 869 diuinum
1578 829 1748 868 cultum

118 910 364 938 reuocasse.
397 898 518 948 Quos
547 899 633 938 nisi
665 899 784 938 Deus
814 897 912 948 Opt.
946 897 1059 936 Max.
1093 895 1378 935 solicitudine
1408 896 1450 934 et
1480 894 1641 945 pietate
1684 893 1750 933 in—

117 964 221 1015 clyti
243 964 384 1003 nostri
416 964 683 1003 Ferdinandi
713 975 765 1003 ex
796 963 925 1002 Italia
955 963 1042 1002 huc
1072 961 1346 1010 adduxisset,
1370 962 1517 1000 actum
1548 968 1581 1008 ἃ,
1605 959 1747 1007 aiunt,

117 1029 204 1068 iam
235 1029 287 1069 de
316 1030 561 1069 christiana
592 1030 766 1080 pietate,
798 1028 1010 1079 cultuque
1039 1027 1196 1067 diuino
1240 1027 1359 1078 apud
1393 1038 1475 1066 nos
1505 1026 1676 1072 fuisset,
1708 1026 1751 1064 et

118 1094 213 1133 loeo
244 1094 407 1135 Christi
448 1107 538 1134 non
569 1095 656 1134 iam
687 1095 906 1141 haereses,
939 1093 1014 1132 sed
1051 1092 1237 1143 impium
1268 1092 1552 1139 atheismum,
1585 1091 1750 1130 nedum

117 1160 443 1199 barbarismum
476 1160 641 1210 passim
672 1160 952 1199 haberemus.

198 1225 261 1264 17.
294 1225 396 1264 Fuit
425 1225 527 1264 item
560 1226 762 1264 matrona
792 1224 880 1263 alia
910 1223 1243 1271 honestissima,
1267 1234 1380 1273 quae
1410 1222 1561 1261 eadem
1590 1221 1750 1272 pietate

117 1291 158 1329 et
200 1290 360 1329 affectu
404 1292 616 1341 permota,
661 1289 838 1340 insigne
881 1288 1178 1328 holosericum
1226 1287 1508 1326 beatissimae
1550 1286 1750 1337 Virginis

117 1354 246 1394 altari
276 1355 554 1394 consecrauit
583 1354 907 1405 antipendium.
941 1353 1062 1403 Quae
1105 1353 1256 1392 omnia
1286 1364 1337 1391 eo
1367 1352 1616 1403 complures
1657 1363 1751 1402 per-

117 1422 312 1467 mouent,
347 1422 393 1459 ut
422 1420 580 1459 diebus
610 1420 698 1459 fere
727 1419 935 1470 singulis,
968 1418 1158 1470 quisque
1200 1430 1275 1469 pro
1311 1417 1481 1456 ratione
1524 1416 1749 1456 facultatis

117 1485 268 1536 pquue
311 1485 511 1533 affectus,
557 1485 744 1536 pulchro
787 1484 940 1535 aliquo
984 1483 1253 1523 munusculo
1296 1483 1510 1533 templum
1546 1483 1749 1521 nostrum

116 1553 345 1590 exornent.

198 1617 259 1655 18.
293 1616 420 1656 Miles
462 1616 645 1667 quidam
690 1616 855 1656 turc-ica
899 1615 1135 1666 tyrannide
1178 1615 1409 1661 liberatus,
1441 1626 1541 1653 cum
1572 1614 1625 1653 de
1657 1624 1751 1664 pec—

116 1681 226 1721 catis
255 1682 551 1730 confiteretur,
585 1681 842 1732 uideretque
872 1683 1037 1720 tantam
1085 1692 1230 1720 rerum
1262 1680 1309 1719 in
1339 1680 1500 1719 melius
1544 1678 1751 1718 mutatio—

115 1758 232 1793 nem,
255 1746 316 1786 ita
347 1746 430 1786 fuit
451 1758 555 1797 prae
576 1746 716 1786 nimio
747 1746 910 1797 gaudio
932 1746 979 1785 in
1000 1746 1252 1797 lachrymas
1277 1745 1516 1791 resolutuS,
1539 1746 1586 1783 vt
1606 1755 1750 1794 neque

115 1811 307 1863 proprijs
336 1811 586 1857 conatibus,
618 1823 761 1862 neque
804 1811 1064 1862 confessarij
1098 1811 1295 1859 monitis,
1328 1810 1405 1850 diu
1441 1821 1536 1849 sese
1571 1810 1627 1848 31)
1658 1808 1750 1848 11115

114 1876 321 1916 cohibere
351 1877 557 1927 potuerit.

196 1942 258 1982 19.
291 1942 552 1993 Nuperrime
582 1954 759 1994 quoque
798 1942 962 1982 factum
985 1942 1164 1982 audiui:
1197 1942 1311 1981 duos
1354 1942 1416 1980 ita
1459 1952 1567 1992 pure
1611 1939 1749 1979 fuisse

115 2007 291 2047 cuidam
321 2019 344 2047 e
374 2007 539 2047 nostris
582 2008 825 2055 confessos,
858 2009 1070 2059 tantaque
1114 2007 1344 2058 religione,
1377 2008 1426 2046 ut
1456 2007 1570 2046 facta
1600 2006 1748 2045 debita

115 2072 277 2112 erroris
306 2072 602 2121 abiuratione,
625 2073 681 2112 ab
711 2073 804 2120 illo,
828 2073 974 2124 hylari
1005 2073 1168 2121 animo,
1191 2073 1247 2112 ad
1268 2072 1369 2112 fidei
1390 2071 1661 2111 christianae
1682 2070 1748 2109 in-

115 2138 363 2178 dubitatam
394 2138 623 2178 veritatem
654 2139 880 2179 redierint.

193 2203 258 2243 20.
292 2203 729 2244 Communicantium
759 2216 862 2243 vero
897 2215 1126 2251 numerus,
1159 2215 1402 2254 eorumque
1445 2202 1630 2242 affectus
1660 2202 1749 2252 pie—

115 2268 218 2308 tatis
250 2269 389 2308 multo
419 2281 526 2308 sane
556 2269 749 2315 uberior,
781 2269 866 2309 hoc
900 2271 1096 2320 tempore
1131 2269 1322 2313 uidetur,
1355 2280 1487 2319 quam
1532 2267 1749 2306 anteabac

116 2345 324 2385 vnquam.
357 2334 433 2373 Est
465 2336 610 2373 tamen
640 2334 865 2385 flagellum
887 2334 1111 2385 quoddam
1134 2333 1313 2373 Domini
1337 2333 1416 2378 (sic
1437 2333 1555 2372 enim
1585 2332 1746 2383 sentio)

113 2399 231 2450 quod
262 2399 324 2438 ita
354 2399 512 2438 misere
543 2400 767 2450 germanis
796 2400 1103 2439 sacerdotibus
1133 2399 1206 2439 hic
1235 2399 1545 2445 destituamur,
1579 2400 1627 2437 ut
1657 2409 1748 2436 non

114 2477 214 2504 raro
244 2465 576 2516 poenitentibus
606 2465 716 2516 ipsis
745 2465 873 2505 fateri
904 2465 1036 2505 inuiti
1067 2477 1294 2516 cogamur,
1322 2476 1404 2504 nos
1448 2476 1535 2503 non
1585 2464 1747 2502 habere

114 2530 391 2569 sacerdotum
423 2542 736 2581 germanorum
766 2533 934 2570 tantam
965 2531 1139 2582 copiam
1182 2530 1260 2581 qui
1304 2530 1392 2581 pijs
1434 2541 1584 2569 eorum
1631 2528 1748 2568 votis

114 2595 255 2635 facere
285 2595 459 2646 possint
501 2595 624 2635 satis.
658 2595 925 2636 Consolatur
968 2596 1147 2636 interim
1191 2596 1303 2636 illud
1347 2595 1522 2634 animos
1552 2596 1744 2641 nostros,

113 2661 232 2712 quod
262 2660 608 2700 solemnioribus
638 2661 829 2701 maxime
854 2661 1191 2708 festiuitatibus,
1214 2664 1366 2701 tantus
1388 2662 1570 2712 apparet
1599 2660 1748 2699 feruor

113 2725 344 2765 charitatis
374 2725 420 2764 in
451 2725 554 2775 11115,
585 2726 661 2777 qui
691 2726 747 2766 ad
777 2738 975 2766 mensam
1007 2727 1222 2767 accedunt
1252 2726 1537 2773 dominicam,
1561 2727 1606 2764 vt
1627 2724 1745 2776 quod

114 2790 208 2841 ipse
237 2790 430 2842 propriis
459 2790 617 2838 oculis,
650 2803 739 2830 non
770 2791 867 2831 sine
897 2792 1060 2843 gaudio
1086 2792 1312 2843 conspexi,
1345 2803 1435 2830 non
1465 2791 1612 2830 desint
1640 2802 1693 2830 ex
1726 2788 1746 2815 b

113 2855 379 2903 astantibus,
412 2855 489 2907 qui
532 2857 709 2907 stupere
755 2857 1087 2908 propemodum,
1120 2869 1225 2907 prae
1267 2856 1562 2896 admiratione
1596 2856 1746 2895 tantae

114 2920 292 2971 pietatis
319 2920 570 2961 videantur.

175 3065 191 3083 a
212 3055 295 3089 Del.
320 3065 441 3098 agere.
466 3075 505 3079 —-
528 3057 547 3083 b
568 3066 613 3089 ex
636 3066 764 3098 supra
786 3067 887 3091 vers.
