2099 3516
417 282 497 318 583.
525 303 566 307 —
594 280 811 317 MONTULlA
837 279 883 315 30
909 278 1164 315 SEPTEMBms
1193 277 1279 312 1561
1553 275 1622 310 577

42 404 170 444 horto
199 402 288 442 situ
317 403 360 441 et
388 399 627 440 amenitate
666 397 872 443 iocundo,
913 395 1222 445 commodique
1262 405 1352 433 non
1387 392 1667 443 aspernendi,

44 467 229 520 penuria
258 477 474 516 aquarum
514 465 694 503 arbores
724 474 774 502 ac
803 461 993 501 tenellae
1039 459 1265 510 plantulae
1308 458 1669 503 emarcescerent,

42 533 244 573 effectum
289 533 355 570 est
402 530 538 570 huius
582 527 913 568 illustrissimae
959 527 1185 564 matronae
1228 523 1384 574 copijs,
1430 524 1478 562 ut
1522 521 1673 561 effosis

42 597 263 638 cuniculis
292 595 492 647 operosis
521 593 817 644 scaturigines
850 591 1098 631 ebulientes
1132 588 1482 628 abundantiores
1520 586 1674 626 latices

42 662 294 709 effuderint,
328 660 654 712 pristinumque
684 659 848 698 fontem
879 654 1164 707 duplicarint.

121 728 160 767 4.
193 726 290 766 Non
322 724 474 765 multis
502 724 666 764 abhinc
699 723 857 762 diebus
896 719 1161 771 percelebris
1199 718 1381 770 quidam
1420 717 1672 767 theologus,

43 792 325 843 doctorisque
363 790 682 830 condecoratus
711 787 849 839 apice,
881 789 923 825 et
952 797 1102 825 sacrae
1142 783 1367 823 facultatis
1389 782 1618 833 proffesor,
1650 793 1675 820 a

45 857 221 897 Baetiae
251 855 541 895 Vniuersitate
571 854 658 893 huc
687 865 733 893 se
761 851 966 897 contulit,
993 850 1103 889 miro
1130 849 1323 900 quodam
1354 848 1576 898 impulsus
1605 847 1677 886 de-

44 922 208 963 siderio
242 920 463 973 spiritalia
493 922 645 959 nostra
675 917 883 958 exercitia
926 915 1174 967 flagitandi,
1206 914 1335 954 cuius
1379 914 1508 952 Pater
1537 914 1678 952 rector

44 999 144 1028 cum
165 986 399 1027 annuisset
420 985 549 1029 votis,
572 983 715 1034 excipi
737 983 855 1022 intra
874 982 1053 1021 domun]
1078 980 1213 1019 iubet.
1241 979 1360 1018 Bone
1382 978 1514 1025 DeuS,
1539 989 1678 1028 quan-

46 1055 140 1093 tum
171 1052 341 1092 fructus
374 1050 645 1100 decerpsisse
688 1048 734 1087 in
780 1046 974 1098 singulis
1018 1044 1386 1085 meditationibus
1429 1043 1675 1086 confessus,

46 1118 249 1169 nihilque
280 1128 369 1156 non
399 1115 550 1155 mirari
580 1126 679 1154 cum
711 1113 906 1164 penitius
935 1110 1309 1161 contemplaretur
1339 1111 1486 1148 tantae
1517 1108 1679 1147 vtilita-

46 1184 104 1223 tis
133 1195 240 1231 rem,
274 1184 362 1221 tarn
393 1180 603 1220 omnibus
642 1179 891 1218 absolutam
934 1176 1146 1223 numeris,
1187 1177 1364 1226 tamque
1408 1174 1462 1213 ad
1506 1173 1680 1224 spirita-

46 1249 129 1288 lem
168 1247 282 1287 viam
323 1244 665 1297 aggrediendam
705 1241 1235 1283 accommodatissimam:
1282 1239 1375 1279 fieri
1419 1239 1679 1290 neutiquam

48 1325 175 1365 posse
204 1312 447 1360 affirmans,
480 1311 723 1350 humanam
768 1310 958 1348 mentem
1002 1306 1190 1346 rationis
1235 1306 1405 1345 lumine
1450 1305 1681 1344 dumtaxat

46 1378 292 1424 suffultam,
323 1377 367 1416 id
398 1376 560 1423 valere,
608 1375 675 1414 vel
718 1374 945 1424 indagare,
981 1372 1047 1411 vel
1080 1374 1169 1410 tam
1213 1371 1415 1421 apposite
1445 1370 1679 1409 concinare

47 1445 156 1484 citra
177 1443 370 1494 Spiritus
399 1441 549 1481 Sancti
582 1440 846 1491 peculiarem
868 1438 1082 1477 afflatum.
1109 1437 1255 1476 Huius
1276 1436 1476 1475 animum
1503 1435 1680 1486 aegrius

47 1508 318 1549 sollicitabat
356 1507 485 1554 nihil,
527 1517 659 1557 quam
700 1505 856 1555 degere
895 1515 995 1542 cum
1036 1502 1200 1541 nostris
1231 1513 1321 1540 non
1352 1513 1496 1552 posse,
1529 1500 1679 1539 debito

49 1573 228 1626 quidem
259 1573 305 1612 in
336 1575 517 1612 matrem
550 1583 599 1610 ac
629 1573 796 1621 septem
828 1569 954 1608 valde
986 1580 1200 1619 pauperes
1240 1578 1413 1606 sorores
1448 1577 1682 1617 germanas

51 1639 227 1691 pietatis
256 1639 403 1678 officio
434 1637 715 1676 reclamante.
750 1636 1061 1686 Ingressurum
1097 1635 1244 1672 tamen
1275 1632 1537 1672 Societatem
1570 1630 1684 1670 dice-

50 1705 139 1752 bat,
171 1703 305 1744 simul
335 1705 468 1754 atque
497 1703 552 1741 ab
583 1700 840 1741 huiusmodi
883 1699 1140 1738 retinaculis
1180 1710 1226 1737 se
1265 1697 1522 1748 expedierit,
1564 1695 1683 1747 quod

49 1769 264 1810 citissime
293 1769 385 1808 fore
415 1768 612 1819 putabat.
1379 1779 1381 1781 ¹

129 1835 168 1875 5.
200 1835 257 1875 Vt
285 1834 341 1874 ad
371 1833 567 1873 literaria
602 1832 811 1872 exercitia
853 1831 941 1870 iarn
985 1830 1163 1870 tandem
1206 1829 1480 1880 perueniam,
1513 1828 1559 1867 in
1590 1827 1685 1878 qui-

52 1902 136 1941 bus
166 1900 442 1940 cumulatum
475 1900 739 1949 prouentum
771 1899 944 1947 parant,
969 1907 1081 1947 quos
1112 1896 1245 1934 habet
1274 1895 1379 1934 huic
1408 1893 1530 1944 operi
1561 1892 1685 1933 Chri-

52 1968 149 2006 stus
170 1965 365 2005 intentos
386 1976 436 2004 ac
456 1964 568 2003 fidos
598 1962 839 2014 operarios,
873 1961 984 2001 illud
1016 1960 1234 2011 principio
1265 1960 1433 1999 dicam:
1466 1959 1687 2009 spectatae

53 2031 218 2071 indolis
238 2030 555 2076 adolescentes,
579 2028 655 2080 qui
678 2027 820 2067 tribus
852 2027 896 2066 in
926 2027 1147 2066 classibus
1180 2027 1426 2071 versantur,
1461 2023 1687 2074 octoginta

52 2108 162 2144 esse,
195 2097 237 2135 et
265 2108 316 2135 eo
346 2095 554 2145 amplius.
593 2093 734 2143 Quam
780 2093 982 2143 ingentes
1028 2091 1210 2130 fecerint.
1239 2098 1256 2116 ³¹
1288 2089 1494 2141 permulti
1525 2089 1572 2127 in
1604 2088 1688 2126 vir-

53 2163 146 2202 tute
177 2172 454 2213 progressus,
485 2171 617 2211 quam
651 2159 827 2197 illorum
876 2157 987 2196 facta
1032 2156 1321 2195 christianam
1368 2155 1595 2194 redoleant
1624 2153 1690 2192 di-

54 2226 305 2278 sciplinam,
338 2237 488 2265 eorum
529 2236 643 2275 quae
684 2223 848 2273 regulis
889 2222 1224 2273 prescribuntur
1253 2232 1348 2260 sese
1378 2220 1689 2259 obseruatores

54 2292 234 2332 sedulos
278 2292 541 2342 prestantes,
587 2300 809 2340 quamque
841 2287 858 2313 ἰ)
887 2288 1105 2326 fraternae
1151 2285 1503 2332 beneuolentiae,
1550 2283 1688 2322 animi

55 2356 373 2397 submissionis
394 2357 526 2406 atque
547 2354 712 2393 amoris
733 2365 835 2404 erga
860 2352 1095 2403 magistros
1126 2364 1215 2390 non
1247 2349 1449 2401 vulgaria
1479 2349 1689 2400 prebeant

55 2423 334 2468 documenta,
377 2420 568 2460 scribere
622 2419 737 2458 nihil
782 2430 990 2465 morarer,
1036 2417 1123 2456 nisi
1156 2416 1311 2456 scirem
1346 2417 1497 2454 nostra
1536 2414 1581 2453 in
1612 2413 1689 2453 So-

55 2488 211 2528 cietate
240 2498 474 2526 commune
505 2485 547 2524 id
579 2496 689 2531 esse,
737 2484 941 2535 nihilque
986 2483 1225 2522 allaturum
1271 2481 1392 2520 noui.
1442 2480 1557 2519 Illud
1589 2490 1690 2518 vero

57 2553 218 2593 tacitus
248 2552 456 2603 preterire
486 2562 684 2602 nequeo:
718 2549 901 2589 Nullum
924 2549 1036 2588 aduc
1063 2548 1149 2587 fere
1180 2548 1341 2593 visum,
1374 2546 1449 2597 qui
1482 2545 1690 2584 vitiorum

24 2643 31 2653 ι
57 2617 512 2668 corruptissimorum,
536 2616 701 2667 quibus
722 2614 935 2654 effrenata
956 2613 1272 2653 commaculari
1294 2612 1405 2651 solet
1427 2619 1441 2637 0
1463 2611 1689 2656 iuuentus

59 2684 117 2724 sit
146 2684 331 2723 affectus
374 2683 487 2722 labe.
535 2681 759 2721 Assiduus
789 2680 835 2719 in
867 2680 1030 2719 virtute
1059 2681 1101 2718 et
1132 2678 1383 2717 indefessus
1418 2677 1544 2716 labor
1572 2675 1693 2714 haud

58 2749 236 2800 quidem
273 2747 414 2787 literis
453 2746 668 2786 desidiam
716 2745 851 2796 parit;
901 2745 1010 2796 quin
1055 2744 1143 2783 imo
1188 2741 1544 2794 peruigilantiori
1587 2752 1692 2780 cura

58 2814 394 2865 directiorisque
425 2813 586 2852 mentis
630 2811 828 2862 impulsu
872 2810 1000 2850 libris
1044 2809 1323 2860 inuigilatur.
1358 2807 1441 2857 Qui
1473 2807 1518 2845 in
1549 2806 1691 2857 prima

59 2880 199 2920 classe
231 2881 477 2925 versantur,
509 2876 731 2917 scribendi
754 2876 869 2927 stylo
890 2887 979 2914 non
1007 2875 1248 2914 occitanter
1278 2873 1570 2919 in(·u1nbunt;
1604 2871 1692 2910 sin-

119 3030 138 3049 a
157 3021 317 3053 Ememl.
351 3029 399 3053 ex
430 3019 608 3052 fecerunt.
642 3035 683 3042 —
716 3017 734 3044 b
761 3016 833 3049 Ms.
864 3016 1001 3058 potins
1037 3024 1276 3058 quamquam.
1302 3034 1341 3037 —-
1364 3023 1377 3041 c
1399 3014 1423 3046 2
1456 3022 1517 3045 vv.
1546 3022 1684 3054 Draco.

61 3082 188 3116 supra
210 3083 313 3106 vers.

136 3162 295 3191 ermnffl
315 3162 592 3197 QUADmMEs’rnEs.
615 3176 647 3180 —
667 3159 747 3187 Toni.
770 3158 837 3185 VII.
1589 3156 1622 3182 37
