2099 3516
441 262 486 296 98
914 261 1117 297 LirrssRAE
1153 262 1497 306 QUADRIMESTRES

393 379 509 418 enim
543 379 611 418 bic
644 391 801 429 magna
833 379 1011 426 messis;
1044 381 1085 418 et
1119 379 1220 418 licet
1262 377 1451 428 operarii
1481 377 1533 415 30
1561 378 1722 423 essent,
1754 388 1843 415 non
1887 377 2014 416 facile

395 445 540 494 posset
582 443 803 493 satisfieri,
835 455 932 483 cum
980 443 1222 489 nobilibus,
1255 445 1346 481 tum
1391 440 1574 491 plebeis,
1607 443 1699 479 tum
1743 441 2010 480 domesticis.

398 508 531 559 Regia
562 519 670 557 pene
700 509 789 546 tota
821 508 988 546 familia
1010 507 1173 546 nostris
1193 507 1449 553 confitetur;
1477 504 1655 555 expiant
1676 504 1806 543 etiam
1827 505 2013 544 crimina

393 584 492 611 cum
522 572 686 611 nostris
719 572 930 622 principis
961 572 1190 622 utriusque
1220 571 1351 610 etiam
1390 569 1574 617 familia,
1610 571 1652 608 et
1694 569 2012 608 nonnullorum

393 637 611 676 nobilium
641 637 876 676 uniuersae
906 637 1077 675 domus.
1112 636 1273 675 Omnes
1303 636 1349 674 in
1381 636 1461 673 hac
1492 635 1598 673 urbe
1627 634 1713 673 sibi
1744 634 1871 684 quasi
1915 645 2013 684 spe-

392 701 542 740 culum
563 701 795 740 Societatis
826 703 1002 740 nostrae
1031 700 1257 751 operarios
1286 700 1371 739 sibi
1402 700 1657 749 proponunt
1686 698 1939 742 imitandos,
1972 700 2014 737 et

392 777 487 805 sese
517 766 646 804 nobis
675 777 805 816 saepe
834 765 1047 810 offerunt;
1083 765 1199 804 unde
1220 765 1466 814 intelligere
1495 765 1561 802 est
1590 775 1679 801 non
1709 774 1872 812 paruos
1902 763 2014 802 fruc-

393 832 464 869 tus
493 842 545 869 ex
575 830 737 869 animis
768 830 997 869 hominum
1042 829 1177 868 buius
1213 829 1352 875 urbis,
1384 828 1485 867 licet
1515 828 1559 867 in
1592 828 1743 867 multis
1773 827 1860 866 iam
1889 827 2013 867 colli-

393 897 567 945 gantur,
600 894 886 945 colligendos.
921 894 1029 934 Cum
1059 894 1176 932 enim
1206 905 1258 932 ex
1289 893 1436 932 littore
1465 895 1613 932 essent
1646 892 1803 931 diebus
1847 894 2014 942 praete-

393 959 490 998 ritis
519 959 724 998 curribus
752 958 1011 1009 deportandi
1043 958 1212 1009 lapides
1241 958 1295 997 ad
1326 958 1477 1008 templi
1497 957 1885 1004 constructionem,
1908 969 2014 1007 quo-

392 1035 487 1063 rum
511 1035 722 1063 numerus
742 1025 856 1062 esset
878 1035 1078 1074 magnus,
1102 1023 1260 1073 ingens
1281 1022 1555 1073 magnitudQ
1579 1022 1767 1061 maiores
1791 1023 2011 1072 sumptus,

392 1088 429 1127 si
459 1090 606 1128 essent
635 1088 846 1128 afferendi
877 1100 902 1127 a
932 1088 1111 1138 bajulis,
1135 1088 1253 1138 quod
1283 1089 1433 1126 nostra
1463 1087 1622 1126 domus
1652 1087 1782 1138 longe
1807 1087 1939 1126 distet
1958 1087 2015 1126 ab

391 1164 468 1192 ora
498 1153 741 1199 maritima3
776 1153 959 1204 petitum
988 1154 1054 1192 est
1082 1164 1106 1191 3
1137 1152 1486 1203 magistratibus
1509 1154 1558 1191 ut
1587 1152 1735 1191 liceret
1765 1163 1840 1202 per
1862 1153 2013 1191 urbem

391 1218 595 1257 curribus
637 1229 662 1256 3
705 1217 903 1257 fluminis
947 1217 1041 1268 ripa
1084 1228 1225 1267 usque
1277 1217 1323 1255 in
1366 1218 1560 1256 nostram
1605 1217 1784 1256 domurn
1828 1217 2010 1263 deferri;

391 1294 579 1333 cumque
608 1282 787 1322 difficile
816 1284 931 1321 esset
961 1284 1136 1333 propter
1165 1282 1337 1321 cloacas
1366 1282 1692 1328 subterraneas,
1723 1281 1887 1332 quibus
1918 1282 2011 1332 plu-

391 1346 533 1386 uiales
561 1358 701 1398 aquae
731 1347 960 1398 liquantur
990 1346 1035 1386 in
1067 1358 1199 1393 mare,
1222 1346 1428 1397 quodque
1453 1347 1600 1385 essent
1629 1345 1714 1385 iam
1737 1357 1867 1396 saepe
1896 1346 2013 1386 labe-

391 1412 591 1459 factatae,
623 1413 665 1451 et
694 1414 799 1451 tunc
828 1414 975 1451 essent
1006 1412 1189 1451 refectae
1218 1423 1243 1450 a
1272 1411 1466 1462 quodam
1496 1411 1573 1461 qui
1600 1411 1825 1461 pollicitus
1855 1411 2012 1451 fuisset

390 1488 541 1516 earum
572 1476 877 1527 incorruptum
907 1488 1037 1516 usum
1083 1488 1157 1527 per
1194 1476 1342 1516 decem
1378 1487 1543 1523 annos3
1576 1476 1845 1526 explicantes
1874 1489 2012 1527 quan—

391 1544 485 1581 tum
507 1541 714 1581 Societati
744 1541 976 1581 deberetur
1004 1542 1060 1581 ab
1089 1541 1300 1581 uniuersa
1329 1541 1524 1589 ciuitate,
1549 1553 1709 1591 magna
1729 1553 1828 1580 cum
1849 1542 2014 1581 amoris
2041 1562 2043 1564 ·

390 1618 493 1656 erga
522 1618 604 1645 nos
633 1606 973 1657 significatione,
1006 1606 1191 1657 receptis
1221 1606 1442 1653 Patribus,
1466 1606 1543 1656 qui
1573 1606 1617 1645 id
1648 1606 1910 1657 pefiuerant,
1933 1607 2012 1646 hu-

390 1671 578 1710 maniter
606 1673 945 1718 concesserunt3
977 1683 1076 1711 cum
1107 1673 1236 1711 antea
1265 1671 1581 1711 conuenissent
1609 1682 1778 1718 omnes,
1813 1672 1858 1710 ut
1887 1671 2012 1711 nullo

390 1735 520 1775 modo
550 1736 593 1775 id
622 1736 934 1775 concederetur
953 1736 1127 1787 cuique,
1151 1747 1294 1787 neque
1322 1736 1472 1776 liceret
1500 1748 1678 1775 currum
1701 1747 1776 1786 per
1795 1747 1890 1775 eam
1915 1748 2011 1787 par-

389 1802 476 1839 tem
507 1800 630 1839 urbis
659 1801 830 1840 ducere.
865 1800 1114 1840 Mirabilius
1143 1801 1261 1852 quod
1291 1800 1434 1840 dicam
1455 1801 1538 1840 erit
1559 1801 1730 1847 adhuc;
1763 1801 1882 1852 quod
1912 1813 2011 1841 cum

390 1865 759 1914 persuaderentur
787 1876 812 1903 a
842 1865 1008 1904 nostris
1037 1867 1085 1904 ut
1114 1865 1402 1904 concederent
1444 1865 1544 1913 hoc,
1579 1865 1761 1915 quidam
1805 1865 2013 1916 perfusus

389 1929 610 1979 lacrymis.
642 1936 882 1980 assurgens
912 1929 1153 1980 respondit,
1178 1929 1333 1968 merito
1358 1929 1514 1969 debere
1544 1929 1673 1968 nobis
1702 1929 1881 1969 concedi
1911 1930 2009 1975 hoc,

389 1995 430 2032 et
459 1994 598 2032 multo
630 1993 797 2033 maiora
825 1993 927 2041 alia,
961 1994 998 2032 si
1029 1996 1296 2044 peterentur,
1329 1994 1428 2033 licet
1463 2005 1528 2041 33,
1565 2005 1678 2045 quae
1708 1996 1918 2044 peterent,
1951 1993 2010 2033 ita

388 2060 535 2097 essent
563 2057 777 2100 difficilia.
811 2060 858 2097 ut
888 2058 1064 2098 facilius
1092 2060 1208 2097 esset
1237 2058 1565 2098 concedendum
1602 2058 1696 2109 [sic]
1728 2070 1753 2097 a
1783 2057 2012 2109 magistra-

389 2122 509 2161 tibus
539 2134 699 2172 magna
728 2134 830 2172 pars
859 2125 1078 2173 sumthS,
1101 2135 1189 2173 quo
1209 2123 1559 2173 deportarentur.
1588 2123 1735 2162 Mirari
1766 2134 1812 2161 se
1841 2124 1883 2162 et
1910 2134 2011 2162 con·

390 2186 514 2225 fundi
546 2197 678 2236 quam
708 2189 882 2236 praesto
911 2189 1059 2226 essent
1087 2187 1227 2226 nostri
1260 2189 1307 2226 ut.
1336 2187 1641 2233 subuenirent‚
1675 2199 1763 2236 qua
1797 2187 1905 2226 hora
1946 2198 2011 2226 es-

389 2253 484 2290 sent
515 2251 672 2290 uocati,
700 2251 1038 2291 necessitatibus
1059 2252 1384 2302 spiritualibus,
1408 2263 1597 2302 quarum
1618 2254 1683 2291 est
1706 2263 1863 2302 magna
1884 2252 2010 2302 copia

389 2315 435 2354 in
465 2315 546 2354 hac
576 2316 698 2362 urbe,
730 2327 819 2354 non
864 2316 993 2355 modo
1037 2316 1280 2361 nobilibus,
1312 2316 1387 2355 sed
1417 2316 1549 2355 etiam
1580 2316 1793 2355 libentius
1827 2316 2007 2358 infimis,

388 2382 476 2419 tam
507 2380 741 2430 diligenter
770 2379 871 2426 sibi,
903 2392 1036 2430 quam
1080 2392 1161 2419 suo
1205 2392 1334 2419 seruo
1377 2382 1417 2419 et
1462 2381 1644 2428 famulo,
1688 2381 1745 2419 ob
1787 2392 1900 2430 quae
1937 2380 2008 2419 de-

389 2445 490 2483 bere
519 2444 648 2483 nobis
672 2444 772 2493 jure
801 2445 967 2494 optimo
997 2445 1175 2484 concedi
1221 2445 1371 2484 onmia
1413 2457 1526 2495 quae
1570 2447 1844 2496 peterentur;
1876 2457 2009 2496 seque

389 2509 583 2559 reliquos
630 2509 914 2548 admonuisse
963 2510 1115 2559 paucis
1163 2512 1264 2548 ante
1312 2510 1485 2555 diebus,
1532 2512 1579 2549 ut
1621 2510 1854 2561 quaedam,
1896 2522 2009 2560 quae

388 2574 444 2612 ab
491 2573 734 2612 antoniano
771 2573 958 2624 collegio
998 2574 1273 2623 petebantur,
1319 2574 1676 2614 concederentur.
1723 2574 1853 2613 Volui
1885 2575 2006 2621 haee,

390 2638 532 2684 Pater,
580 2649 773 2680 narrare.
814 2638 931 2687 quod
972 2650 1061 2676 non
1102 2638 1378 2677 mediocriter
1416 2638 1499 2677 sim
1544 2639 1768 2678 animatus
1813 2638 1885 2678 his
1922 2650 2009 2677 ser-

388 2702 611 2749 monibus,
643 2702 849 2753 quodque
878 2702 1010 2741 etiam
1055 2702 1242 2741 uiderim
1273 2705 1314 2741 et
1343 2705 1549 2753 expertus
1594 2703 1677 2742 sim
1721 2715 1811 2742 non
1853 2715 2008 2753 parum

388 2766 518 2805 nobis
560 2778 655 2806 esse
698 2767 887 2816 deditos,
924 2778 947 2805 a
977 2767 1142 2817 quibus
1171 2767 1278 2806 haec
1308 2767 1519 2806 uniuersa
1564 2767 1812 2818 respublica
1850 2768 2008 2819 guber-

388 2833 533 2870 natur.

468 2896 503 2935 7.
538 2895 678 2945 Quam
709 2896 860 2935 faciles
890 2895 1019 2935 nobis
1049 2896 1291 2935 habeamus
1322 2896 1543 2947 principes
1573 2909 1662 2936 non
1697 2897 1823 2936 facile
1866 2897 2007 2936 literis

388 2960 546 3009 poterit
576 2960 791 3007 mandari,
825 2960 1080 3011 praesertim
1109 2971 1209 2998 cum
1239 2971 1372 3010 opera
1409 2972 1576 3009 eorum,
1613 2974 1701 3012 quo
1744 2961 1892 3001 minus
1933 2972 2005 3000 ex-
