2099 3516
390 281 460 315 6δῶ
864 276 1066 313 LITTERAE
1094 276 1438 321 QUADfflMESTRES

1099 483 1210 530 608

698 623 751 672 P.
802 620 1140 671 HENRICUS
1196 619 1593 669 BLYSSEMIUS

865 768 1000 793 PRAGA
1034 757 1056 792 2
1083 766 1271 792 IANUARII
1308 756 1398 791 1562
1424 755 1447 791 1.

346 884 383 918 1.
415 879 649 919 Sodalium
691 890 924 917 numerus.
973 877 1058 915 Pia
1089 877 1205 914 inter
1247 888 1339 914 sese
1384 875 1626 914 aemulatio
1647 874 1697 911 de
1726 872 1964 910 Emercitiis

454 943 496 983 S.
526 944 579 982 P.
612 944 785 993 Ignatii
809 942 1089 992 peragendis,
1116 953 1193 979 nec
1222 943 1372 979 minor
1402 940 1451 979 de
1477 939 1680 989 precibus
1709 937 1965 987 asperisque

448 1009 736 1058 paenitentiis
765 1007 1122 1056 multiplicandis
1145 1019 1230 1056 pro
1259 1006 1478 1043 Ecclesiae
1506 1002 1853 1043 necessitatibus.
1876 1001 1964 1039 Pa-

454 1074 538 1112 tris
566 1074 741 1123 Lanoyi
778 1072 1027 1121 eoeetnplum
1057 1072 1096 1109 et
1126 1071 1458 1109 adhortationes
1486 1070 1703 1118 fervorem
1725 1065 1963 1106 auxerunt.

454 1140 652 1177 Moritur
680 1139 732 1177 P.
763 1139 910 1176 Lucas
939 1137 1137 1175 Molitor.
1163 1158 1211 1162 -—
1242 1139 1283 1173 2.
1314 1136 1365 1174 Ρ.
1386 1135 1564 1173 Paulus
1593 1133 1803 1181 Hoffaeus
1839 1131 1965 1170 Vien-

452 1215 558 1242 nam
589 1203 731 1241 rector
751 1203 1010 1251 designatus
1037 1201 1350 1251 proficiscitur.
1371 1222 1419 1226 -—
1443 1204 1483 1238 3.
1510 1199 1664 1237 Trium
1685 1198 1964 1236 noviciorum

455 1267 589 1306 dotes,
624 1289 671 1293 —
699 1271 743 1305 4.
774 1266 936 1305 Studia
981 1266 1206 1304 litteraria
1235 1266 1363 1303 novis
1395 1263 1652 1303 lectionibus
1690 1263 1729 1300 et
1757 1262 1968 1299 exercita—

455 1333 650 1371 tionibus
694 1333 837 1371 aucta.
870 1332 1122 1380 Ampliores
1164 1331 1291 1369 aedes
1320 1342 1399 1379 pro
1438 1340 1625 1367 numero
1665 1326 1967 1366 convictorum

454 1398 782 1436 desiderantur.
806 1419 855 1423 —
886 1400 927 1435 5.
954 1396 1180 1445 Templum
1202 1396 1408 1433 nostrum
1426 1407 1453 1432 a
1469 1393 1636 1432 ciuibus
1657 1391 1969 1441 frequentatur

455 1463 494 1501 et
524 1462 794 1512 supellectile
832 1462 1038 1505 ornatur,
1065 1460 1336 1510 praesertim
1367 1471 1392 1497 a
1423 1459 1605 1497 domina
1637 1457 1860 1506 Fugyem,
1893 1466 1969 1492 au-

455 1529 665 1577 9ustana.
698 1527 850 1566 Novus
880 1526 1131 1565 catechismi
1176 1525 1382 1563 tradendi
1412 1524 1569 1562 modus
1608 1521 1837 1560 audientes
1867 1519 1969 1558 alli-

457 1594 527 1631 cit.
552 1614 600 1618 —
631 1596 672 1630 6.
707 1592 940 1631 Contiones
969 1591 1009 1629 et
1038 1590 1212 1629 crebrae
1241 1591 1280 1628 et
1308 1590 1477 1639 e(natae,
1509 1589 1644 1627 etiam
1688 1586 1862 1632 aulicis,
1893 1584 1969 1622 ha-

458 1658 638 1696 bentur.-
680 1670 762 1707 quo
805 1658 969 1706 fructu.
1016 1657 1121 1694 Alia
1149 1668 1256 1705 erga
1282 1657 1514 1705 proximos
1548 1653 1815 1692 ministeria.
1848 1673 1894 1676 —
1927 1653 1968 1688 7.

463 1724 579 1770 Quae
621 1724 774 1761 omnia
816 1723 1015 1760 vicissim
1059 1722 1177 1758 Deus
1225 1721 1520 1770 imperatoris,
1546 1719 1819 1768 principum,
1860 1715 1970 1754 alio-

457 1800 646 1837 rumque
671 1789 926 1837 primorum
956 1786 1255 1825 benevolentia
1284 1784 1617 1823 remuneratur.

435 1913 470 1951 1.
502 1912 530 1961 †
560 1911 651 1949 Pax
680 1910 858 1950 Christi.
892 1909 986 1949 R.de
1018 1910 1145 1948 Pater
1176 1908 1221 1947 in
1251 1907 1440 1947 Christo.
1474 1906 1722 1958 [Epistulae
1750 1902 1890 1954 orda]
1922 1902 1971 1941 In

355 1977 437 2016 hoc
466 1976 602 2027 igitur
643 1975 829 2025 collegio
872 1974 1034 2025 uiginti
1078 1975 1283 2024 quatuor,
1317 1972 1446 2011 modo
1484 1982 1689 2022 prospera
1721 1970 1835 2020 (laus
1864 1968 1970 2017 Deo)

356 2040 611 2080 ualetudine
654 2040 861 2086 fruente&
896 2050 1137 2077 uersamur.
1171 2038 1332 2077 Verum
1377 2049 1398 2075 e
1432 2034 1750 2082 sacerdotibus,
1782 2032 1859 2084 qui
1902 2043 1972 2071 su-

355 2118 454 2145 mus
482 2107 687 2156 quatuor,
711 2116 827 2143 unus
858 2115 945 2142 non
976 2103 1036 2142 ita
1066 2103 1249 2149 dudum,
1274 2112 1434 2152 magua
1454 2100 1716 2139 deuotorum
1741 2097 1969 2137 hominum

356 2169 616 2221 frequentia,
639 2180 744 2208 suas
769 2169 859 2207 Deo
882 2168 1099 2218 primitias
1121 2167 1190 2217 pie
1211 2165 1487 2205 consecrauit
1506 2166 1535 2205 ².
1557 2164 1589 2203 E
1610 2162 1821 2202 fratribus
1841 2161 1972 2201 etiam

356 2234 561 2274 nonnulli
591 2233 845 2284 spirituales
875 2232 1106 2272 Societatis
1139 2231 1445 2270 meditationes
1475 2240 1616 2279 nuper
1660 2227 1810 2267 multis
1840 2225 1973 2277 preci-

356 2302 439 2340 bus
468 2301 671 2339 obtentas
702 2299 928 2345 foeliciter,
960 2309 1010 2336 ac
1039 2299 1161 2336 tanto
1198 2296 1356 2342 fructu,
1388 2297 1554 2346 quanta
1596 2305 1777 2333 suarum
1807 2291 1974 2331 anima-

356 2376 454 2404 rum
483 2363 801 2410 consolatione,
834 2362 1121 2413 perfecerunt.
1148 2361 1260 2400 Hinc
1289 2363 1329 2399 et
1360 2360 1434 2411 alij
1467 2358 1665 2410 plerique
1694 2358 1871 2408 gustare
1900 2367 1973 2395 cu-

420 2519 427 2536 ¹
452 2517 504 2549 Ex
527 2515 740 2558 apographo
763 2523 897 2547 coaevo
921 2514 1071 2545 Romam
1097 2513 1220 2551 misso,
1247 2513 1285 2543 in
1309 2512 1386 2544 cod.
1415 2511 1543 2543 Germ.
1558 2510 1641 2543 139,
1667 2509 1702 2542 ff.
1727 2508 1845 2545 5354:
1871 2507 1974 2548 prius

356 2571 489 2602 260-261
514 2569 691 2609 (271-272).
716 2568 757 2600 In
782 2568 850 2599 hoc
884 2567 1049 2608 exemplo
1082 2566 1314 2597 desideratur
1336 2574 1468 2596 annus.
1494 2564 1558 2595 Est
1581 2562 1683 2594 aliud
1706 2561 1912 2602 exemplum
1936 2560 1974 2591 in

357 2623 482 2656 eodem
516 2622 651 2661 codiee,
676 2621 711 2653 ff.
738 2621 883 2659 115-116‚
910 2620 947 2651 in
981 2628 1054 2660 quo
1078 2619 1174 2650 clare
1208 2618 1344 2658 legitur
1378 2617 1416 2648 in
1452 2617 1543 2648 fine:
1568 2616 1588 2647 3
1617 2614 1782 2647 Ianuarii
1818 2613 1908 2645 1562.
1934 2612 1974 2644 In

357 2676 496 2708 archiv.
522 2675 701 2707 colonien.
727 2673 820 2715 (cod.
844 2673 878 2705 J.
902 2672 936 2705 J.
964 2672 1045 2705 721,
1070 2672 1105 2703 ff.
1134 2671 1280 2710 131-132)
1296 2671 1352 2702 est
1374 2670 1495 2701 versio
1518 2676 1693 2709 germana
1718 2666 1830 2698 huius
1852 2665 1974 2706 epist„

358 2730 445 2761 data
461 2729 520 2761 die
542 2729 582 2760 30
616 2727 824 2760 Decembris
848 2726 939 2758 1561.
965 2725 1169 2758 Concordat
1192 2733 1275 2755 cum
1299 2723 1463 2764 exemplo
1487 2722 1616 2754 latino.
1635 2720 1902 2752 Desiderantur
1924 2719 1976 2750 ta-

359 2792 441 2815 men
464 2782 502 2814 in
525 2781 695 2813 versione
718 2788 892 2821 germana
926 2788 968 2811 ea
1001 2786 1096 2819 quae
1119 2778 1162 2809 de
1197 2785 1385 2808 carcerum
1414 2777 1450 2808 et
1484 2774 1725 2815 hospitalium
1760 2772 1976 2804 visitatione

359 2836 546 2868 dicuntur.

420 2891 432 2908 2
455 2888 496 2920 In
519 2888 687 2928 catalogo
710 2886 855 2927 collegii
879 2884 1071 2926 pragensis
1094 2884 1113 2915 3
1132 2881 1301 2914 lanuarii
1327 2883 1405 2913 1562
1428 2882 1565 2922 scripto
1599 2880 1808 2918 censentur,
1833 2878 1977 2919 praeter

360 2941 396 2973 P.
422 2940 677 2981 Blyssemium,
703 2939 890 2976 rectorem,
909 2937 974 2969 PP.
993 2936 1230 2969 Christianus
1255 2935 1385 2966 Rivius
1409 2934 1593 2967 Halensis.
1611 2932 1818 2964 Ludovicus
1844 2929 1977 2962 BarKe-

358 2994 443 3029 lius,
478 2993 628 3031 flander,
663 2993 699 3023 et
732 2990 950 3022 Balthassar
983 2987 1302 3025 Pharkirchensis‚
1340 2987 1497 3018 bavarus
1531 2985 1633 3025 (Cod.
1672 2984 1799 3016 Germ.
1832 2982 1913 3017 131,
1938 2982 1974 3014 ff.

357 3046 518 3087 312-313).
542 3044 802 3083 NeosacerdOS,
826 3044 905 3076 erat
930 3043 1018 3074 Lud.
1044 3041 1249 3073 Barkelius.
1275 3040 1325 3072 Cf.
1351 3039 1495 3071 Lainii
1518 3038 1691 3071 Menum.
1716 3037 1775 3076 VI,
1802 3037 1871 3069 102.
