2099 3516
395 212 465 248 338
864 213 1067 249 LITTERAE
1101 213 1446 257 Qqummmswsssss

401 331 439 370 8.
473 330 615 369 Homo
643 330 822 381 quidam
853 330 966 369 inter
993 332 1202 377 coeteros,
1230 330 1305 381 qui
1335 341 1412 380 per
1439 330 1622 381 longum
1650 331 1839 380 tempus,
1861 342 1963 370 con⁴

348 394 511 434 cubina
548 395 667 433 domi
710 396 891 441 retenta‚
936 394 1127 445 singulis
1170 394 1300 434 annis
1344 396 1518 445 peccata
1560 394 1865 437 confitebatur.
1906 395 1961 434 ad

349 459 569 509 quendam
611 471 663 497 ex
706 458 869 497 nostris
911 459 1214 498 sacerdotibus
1243 459 1297 497 ad
1340 458 1423 497 hoc
1452 458 1594 508 ipsum
1626 458 1850 506 accedens,
1883 459 1961 498 Dei

348 522 491 574 gratia
520 523 683 561 malum
715 523 829 561 vitae
871 524 1035 562 statum
1066 523 1111 562 in
1142 524 1306 562 bonum
1346 522 1561 567 mutauit;
1594 523 1812 561 contraxit
1841 523 1958 562 enim

348 599 448 626 cum
479 587 660 625 muliere
691 586 1037 627 matrimonium.
1070 587 1120 626 Et
1150 588 1256 626 haec
1285 586 1450 625 dixisse
1478 598 1531 625 ex
1560 586 1630 625 his
1659 586 1864 634 sufficiat,
1907 599 1963 627 ne

349 652 449 701 plus
478 651 531 689 ad
564 651 847 700 particularia
876 651 1157 700 descendens,
1188 654 1361 701 tempus
1390 652 1541 690 teram.

427 716 464 754 9.
498 715 559 753 Ea
587 715 704 765 apud
734 715 947 765 populum
968 715 1021 754 de
1050 715 1214 755 nostris
1243 715 1394 765 opinio
1423 717 1503 762 est,
1529 717 1573 753 vt
1602 715 1728 754 multi
1758 715 1889 755 etiam
1910 727 1963 755 ex

348 779 557 829 primaria
600 781 727 828 gente
769 779 1064 819 conscientiae
1106 791 1235 818 casus
1264 779 1319 818 ad
1350 779 1501 818 Patres
1536 779 1732 818 deferant
1760 779 1963 819 deciden-

348 843 442 889 dos,
475 854 553 881 nec
582 854 634 882 ex
678 843 759 882 hac
801 843 945 882 solum
988 843 1182 889 ciuitate,
1215 843 1290 882 sed
1334 855 1387 882 ex
1416 842 1517 893 alijs
1560 842 1692 881 etiam
1735 843 1872 882 locis:
1906 843 1963 894 ijS

348 910 509 953 autem,
535 909 578 946 vt
609 907 864 957 plurimum,
888 908 1015 947 Pater
1044 908 1201 947 Rector
1230 907 1482 947 satisfacere
1511 907 1635 946 solet.
1662 907 1721 946 Ex
1742 907 1814 946 his
1834 915 1866 955 ἃ,
1885 908 1961 958 qui

348 972 598 1022 frequenter
628 971 833 1010 Patribus
863 972 1061 1011 confiteri
1091 972 1248 1019 solent,
1282 974 1484 1022 (quorum
1516 971 1683 1010 multus
1716 973 1781 1010 est
1811 983 1964 1010 nume-

349 1034 456 1084 rus),
481 1048 569 1075 non
598 1036 727 1086 pauci
757 1036 803 1075 in
833 1036 1073 1075 meditandi
1104 1036 1311 1075 exercitio
1341 1035 1549 1075 instructi
1575 1037 1694 1080 sunt,
1717 1037 1759 1075 et
1788 1035 1850 1074 sic
1874 1047 1965 1086 per-

348 1103 601 1139 seuerantes
631 1101 817 1140 multum
850 1100 894 1139 in
924 1101 1083 1151 spiritu
1128 1100 1362 1151 profecisse
1393 1099 1610 1139 videntur.
1648 1100 1964 1151 Frequentissi-

348 1177 448 1204 mus
489 1167 635 1204 autem
678 1177 829 1204 eorum
860 1177 1071 1204 numerus
1113 1167 1193 1211 est,
1225 1165 1300 1215 qui
1332 1164 1377 1203 in
1421 1164 1544 1203 festis
1573 1164 1679 1203 anni
1716 1164 1966 1215 praecipuis

348 1230 403 1268 ad
432 1229 729 1268 confitendum
751 1231 793 1268 et
821 1241 989 1268 sacram
1020 1229 1282 1268 sumendum
1313 1229 1501 1268 sinaxim
1524 1228 1580 1268 ad
1608 1228 1836 1268 ecclesiam
1866 1240 1966 1268 nos—

348 1296 459 1332 tram
503 1293 701 1336 veniunt,
734 1294 932 1343 festaque
974 1293 1070 1343 ipsa
1113 1305 1189 1343 per
1217 1293 1388 1344 aliquot
1430 1293 1562 1332 etiam
1592 1293 1686 1332 dies
1717 1305 1804 1332 non
1836 1293 1963 1343 pauci

351 1358 700 1408 praeuenientes,
731 1358 1014 1409 confessarijs
1044 1358 1138 1397 suis
1175 1358 1406 1409 negocium
1439 1358 1673 1398 facessunt.

389 1452 391 1457 f
417 1423 490 1468 Ὶ10.
524 1422 578 1461 Vt
600 1425 746 1461 autem
767 1423 821 1461 ad
844 1434 912 1461 res
942 1422 1029 1461 iam
1059 1422 1322 1462 domesticas
1354 1434 1420 1462 me
1449 1425 1719 1469 conuertam,
1751 1423 1804 1461 de
1836 1422 1966 1461 nobis

349 1488 507 1526 habeat
530 1487 626 1527 3.(Ῑᾶ
643 1487 690 1526 T.
712 1488 757 1528 P.
775 1488 908 1538 quod,
932 1488 1007 1539 qui
1029 1488 1083 1526 ad
1105 1499 1312 1538 praesens
1333 1488 1415 1527 hoc
1435 1487 1689 1527 habitamus
1709 1487 1963 1538 collegium,

348 1564 581 1598 numerum
625 1552 909 1591 tredecimum
953 1552 1242 1603 attingimus:
1288 1564 1310 1591 e
1352 1552 1516 1603 quibus
1560 1552 1711 1591 Patres
1754 1552 1962 1591 nimirum

348 1618 512 1666 septem
543 1619 674 1662 sunt;
709 1617 863 1655 fratres
893 1629 995 1663 sex;
1028 1619 1070 1656 et
1098 1628 1149 1655 ex
1180 1617 1250 1655 his
1279 1617 1503 1656 scholares
1533 1617 1636 1663 duo,
1668 1618 1707 1655 et
1751 1618 1965 1666 tempora-

348 1681 411 1720 les
440 1681 718 1732 coadjutores
747 1683 950 1732 quatuor.
984 1681 1198 1720 Nonnulli
1227 1693 1326 1720 cum
1358 1682 1405 1721 P.
1439 1681 1620 1720 Rectore
1650 1681 1696 1720 in
1725 1681 1966 1732 quadrage-

348 1745 461 1784 sima
490 1748 531 1783 et
561 1747 658 1795 post
688 1746 796 1784 festa
826 1745 1160 1785 resurrectionis
1190 1745 1367 1784 Domini
1398 1746 1585 1785 aduersa
1614 1745 1875 1784 laborarunt
1895 1756 1966 1783 va—

348 1809 559 1855 letudine,
591 1810 666 1849 sed
698 1810 785 1848 iam
814 1822 967 1849 omnes
988 1810 1065 1849 Dei
1096 1810 1237 1861 gratia
1267 1811 1376 1849 bene
1406 1810 1568 1856 valent,
1591 1812 1631 1849 et
1662 1809 1966 1860 vnusquisque

349 1874 597 1925 injunctum
643 1875 728 1913 sibi
759 1887 784 1914 a
813 1877 965 1914 sancta
1007 1875 1258 1914 obedientia
1288 1887 1450 1914 munus
1484 1875 1671 1914 libenter
1699 1874 1962 1925 exequitur:

348 1941 478 1989 atque
507 1951 661 1978 omnes
690 1952 741 1978 ex
771 1939 920 1978 animo
950 1941 1129 1979 student
1158 1940 1409 1990 regularum
1447 1939 1769 1983 observantiae,
1813 1939 1966 1978 volun-

348 2005 486 2042 tatum
519 2005 863 2051 mortiticationi‚
895 2005 1198 2055 virtutumque
1229 2004 1469 2055 profectui:
1514 2016 1603 2043 non
1633 2004 1777 2043 solum
1816 2005 1963 2043 autem

347 2079 498 2107 earum
528 2069 871 2113 conseruationi,
904 2081 1015 2120 quas
1044 2070 1190 2120 adepti
1221 2072 1338 2109 sunt.
1373 2069 1459 2108 Nec
1488 2069 1533 2108 in
1560 2069 1643 2108 hoc
1662 2069 1783 2108 deest
1812 2081 1963 2108 eorum

348 2134 389 2171 et
419 2144 508 2171 non
539 2133 709 2171 modica
751 2134 997 2183 diligentia,
1029 2133 1193 2184 quibus
1223 2134 1305 2173 hoc
1337 2145 1498 2172 munus
1538 2133 1768 2183 praecipue
1798 2133 1967 2172 incum-

348 2196 427 2239 bit.
458 2209 546 2247 quo
576 2197 637 2241 fit,
662 2200 707 2236 vt
735 2210 889 2237 omnes
918 2210 999 2237 nos
1028 2200 1070 2237 et
1100 2198 1330 2237 vnanimes
1359 2198 1514 2245 simus,
1542 2200 1583 2237 et
1612 2197 1846 2236 dilectione
1875 2208 1966 2236 non

348 2261 522 2310 vulgari
565 2262 902 2313 conjungamur.
948 2263 1091 2314 Atque
1122 2263 1234 2302 vltra
1263 2263 1409 2310 solita,
1441 2265 1483 2302 et
1513 2263 1686 2313 priuata
1715 2264 1756 2301 et
1786 2261 1962 2312 publica

347 2326 530 2373 auxilia,
564 2339 651 2365 non
682 2339 834 2377 parum
868 2327 884 2353 ¹>
918 2328 1150 2367 conferunt
1179 2330 1332 2367 mutua
1361 2328 1597 2379 colloquia,
1620 2339 1732 2379 quae
1761 2328 1813 2367 de
1834 2328 1967 2367 rebus

350 2390 661 2440 spiritualibus
692 2394 824 2431 noctu
854 2395 1047 2443 tempore
1076 2393 1238 2444 quietis
1267 2393 1397 2432 certis
1434 2393 1700 2444 quibusdam
1730 2392 1888 2432 diebus
1916 2392 1963 2431 in

348 2455 594 2505 septimana
624 2456 775 2495 haberi
806 2457 976 2503 solent;
1010 2469 1151 2508 neque
1172 2457 1303 2496 etiam
1335 2457 1553 2496 modicum
1586 2458 1807 2508 praestare
1835 2457 1965 2496 credo

348 2520 583 2558 conciones
625 2533 737 2571 quae
780 2521 954 2560 festinis
996 2522 1154 2561 diebus
1184 2522 1230 2560 in
1273 2522 1490 2561 refictorio
1533 2522 1659 2569 fiunt,
1690 2533 1788 2561 cum
1833 2521 1967 2561 solito

348 2595 550 2623 sermone
579 2587 726 2623 sextae
756 2585 889 2624 feriae
923 2586 976 2625 de
1009 2585 1259 2625 virtutibus.

430 2649 490 2687 11.
524 2648 741 2688 Omnibus
774 2651 980 2699 profestis
1004 2650 1161 2690 diebus
1181 2663 1205 2690 a
1227 2651 1412 2702 prandio
1442 2651 1594 2691 Patres
1626 2663 1724 2691 cum
1755 2650 1966 2690 fratribus

348 2713 626 2753 scholasticis
655 2714 708 2753 de
750 2715 1045 2754 conscientiae
1087 2716 1264 2755 casibus
1295 2716 1408 2755 inter
1450 2728 1496 2755 se
1533 2716 1779 2762 conferunt,
1811 2727 1969 2766 propo-

348 2779 479 2816 nente
510 2790 595 2817 vno
624 2790 676 2817 ex
720 2779 925 2818 Patribus
954 2780 1257 2830 quaestionem
1288 2792 1369 2820 sua
1401 2780 1692 2827 hebdomada,
1724 2780 1963 2830 eodemque

346 2841 588 2889 decidente,
622 2845 854 2894 postquam
884 2855 1009 2882 suam
1036 2844 1340 2895 vnusquisque
1368 2844 1633 2884 sententiam
1663 2844 1801 2891 dixit3
1834 2845 1967 2895 atque

407 2977 428 2998 a.
446 2969 571 3002 Prius
594 2971 653 3003 iis.
678 2989 717 2993 —
740 2971 759 2997 b
778 2973 916 3012 parunt
938 2981 1009 3003 ms.
