2099 3516
548 305 627 341 483.
656 326 698 331 —
726 304 941 340 FERRARM
968 304 1008 339 21
1039 304 1230 360 IANUffflu
1263 304 1347 339 1561
1653 306 1713 342 121

138 423 282 464 uendo
312 423 343 462 11
374 423 421 462 P.
456 423 736 462 Prouinciale
782 422 885 461 nell'
905 422 1063 461 ultima
1094 422 1228 461 uisita
1259 422 1378 460 detio
1423 422 1459 461 si
1505 424 1668 461 facesse
1703 425 1763 462 31-

135 500 249 528 cuna
292 499 395 527 cosa
439 488 615 537 publica
664 499 740 537 per
770 487 801 525 il
849 498 974 525 sacro
1004 486 1084 526 S.¹0
1115 486 1284 529 Natale,
1318 486 1364 525 fu
1396 486 1466 525 nel
1497 487 1688 525 secondo
1718 488 1761 526 di

134 565 232 593 esso
263 553 443 592 recitata
473 553 519 591 in
550 555 701 591 nostra
730 552 878 591 chiesa
912 564 999 591 una
1028 551 1228 591 oratione
1258 551 1398 590 latina
1431 563 1504 601 per
1536 563 1623 590 uno
1653 552 1758 591 delli

134 618 273 657 nostri
303 619 344 656 et
374 629 464 656 una
493 629 620 668 greca
650 617 705 655 da
736 628 826 656 uno
855 617 1025 655 scolare
1070 616 1302 655 forostiero
1333 616 1385 655 de
1416 618 1564 655 nostre
1595 617 1759 661 scuole,

131 685 172 722 et
202 683 274 733 poi
304 694 365 722 un
395 682 573 733 dialogo
617 682 758 721 latino
787 681 843 720 da
887 681 1038 720 alcuni
1070 681 1200 731 putti,
1233 692 1312 720 con
1359 681 1438 720 6116
1486 681 1653 720 dettero
1684 681 1761 720 alli

132 747 271 786 nostri
301 749 344 786 et
372 748 449 786 3111
480 747 580 786 altri
612 758 702 786 non
735 758 840 797 poca
870 746 1190 791 consolatione,
1222 746 1540 785 trouandouesi
1572 746 1603 784 11
1633 745 1744 796 sigar

132 812 305 851 Vicario
335 812 379 851 (11
412 812 552 851 Mons.
586 812 617 851 11
647 812 828 857 Vesc.0,
876 811 904 850 l’
925 810 1205 861 inquisitore,
1247 810 1277 849 il
1312 810 1491 861 podesta
1530 813 1571 849 et
1610 810 1761 850 alcuni

129 876 292 916 dottori
336 876 515 916 inuitati
546 878 587 915 et
616 876 718 915 altri
763 876 940 921 scolari,
973 875 1017 914 di
1048 875 1128 914 che
1172 886 1383 925 pensamo
1414 886 1460 914 se
1490 875 1557 914 sia
1593 875 1760 914 seruito

135 942 229 981 [esu
262 941 338 980 X.0
375 941 486 992 Sig.¹'
522 941 572 981 N.
607 952 683 992 per
713 941 745 980 il
774 940 845 980 cui
878 941 1045 979 honore
1076 942 1118 979 et
1147 940 1289 991 gloria
1321 942 1435 979 tutto
1475 942 1520 979 t'u
1552 940 1675 979 fatto.

207 1007 245 1045 4.
279 1006 328 1045 Li
358 1006 575 1046 sacerdoti
606 1018 653 1046 se
682 1017 827 1046 sonno
857 1005 1077 1045 esercItati
1108 1005 1154 1044 in
1184 1007 1341 1056 questo
1371 1007 1517 1055 tempo
1557 1005 1662 1044 nelli
1694 1017 1761 1044 so-

128 1071 194 1111 liti
225 1071 412 1123 esercitij
445 1072 490 1111 di
522 1073 672 1111 nostra
703 1070 992 1121 Compagnia.
1015 1073 1056 1109 et
1081 1070 1286 1109 massime
1308 1070 1353 1109 in
1375 1070 1615 1109 confessar'
1640 1071 1757 1109 buon

127 1148 310 1176 numero
340 1136 384 1175 di
417 1136 615 1187 pregioni
650 1148 723 1187 per
752 1135 783 1174 il
813 1137 942 1175 santo
967 1135 1155 1186 jubileo,
1180 1135 1341 1174 alcuna
1363 1135 1485 1174 uolta
1508 1134 1762 1185 nel'hospi-

127 1202 228 1247 1316,
260 1204 300 1241 61
330 1201 432 1240 altri
480 1201 673 1247 infermi,
715 1200 885 1240 aiutare
915 1212 939 1239 a
972 1201 1054 1239 ben
1104 1200 1253 1240 morir'
1303 1200 1441 1251 quelli
1489 1200 1571 1239 6116
1616 1211 1760 1239 50000

127 1267 349 1313 iustitiati,
381 1269 423 1306 et
456 1267 677 1317 predicare
707 1266 813 1317 ogni
843 1265 1081 1305 settimana
1109 1273 1127 1291 a
1160 1277 1247 1304 una
1280 1265 1403 1305 uolta
1433 1265 1518 1304 alle
1557 1265 1759 1316 pregioni

125 1335 167 1372 et
196 1344 220 1371 a
251 1344 312 1372 un
344 1334 594 1372 monastero
624 1332 676 1371 de
707 1331 934 1371 monache.
968 1331 1019 1370 N.
1053 1331 1116 1371 S.r
1151 1331 1189 1370 si
1219 1342 1350 1370 serua
1379 1331 1449 1370 del
1478 1332 1593 1370 tutto
1623 1342 1649 1369 a
1678 1342 1760 1370 sua

127 1397 328 1447 maggior
357 1397 513 1449 gloria.

202 1463 240 1501 5.
274 1462 495 1514 Seguitasi
526 1462 568 1501 13
598 1461 780 1501 16111006
813 1461 860 1500 10
904 1463 1056 1501 nostra
1103 1461 1252 1501 chiesa
1300 1460 1406 1512 ogni
1455 1460 1564 1500 festa
1612 1460 1758 1511 doppo

125 1539 285 1578 uespro
314 1539 396 1567 con
427 1527 664 1572 auditorio,
696 1529 736 1566 et
769 1527 886 1566 nella
916 1527 1056 1578 prima
1088 1528 1210 1577 parte
1240 1526 1284 1566 di
1316 1538 1416 1566 essa
1462 1538 1509 1566 56
1551 1525 1758 1565 dechiara

124 1592 165 1632 13
213 1593 409 1632 dottrina
456 1593 701 1632 christiana
731 1592 748 1617 ¹>
780 1595 821 1632 et
850 1592 987 1632 nella
1016 1592 1060 1631 82²¹
1094 1592 1388 1644 l'euangelio‚
1438 1591 1682 1631 cauandosi
1712 1591 1757 1630 di

122 1669 222 1697 esso
251 1658 400 1697 alcuni
431 1658 558 1708 punti
591 1670 666 1708 per
694 1658 880 1697 escitare
927 1657 1013 1697 3116
1060 1659 1186 1697 53016
1222 1657 1357 1705 uirtu,
1389 1657 1477 1696 3113
1509 1656 1757 1707 frequentia

122 1723 175 1763 de
204 1723 469 1763 sacramenti
499 1725 540 1763 et
569 1723 744 1763 al'odio
773 1725 927 1763 contra
957 1723 989 1762 il
1019 1725 1212 1774 peccato,
1262 1723 1307 1763 di
1354 1723 1435 1763 che
1484 1723 1521 1762 si
1573 1722 1756 1762 aiutano

121 1789 258 1840 quelli
288 1789 368 1828 che
398 1789 689 1840 frequentano
720 1789 750 1828 li
781 1789 1046 1828 sacramenti
1077 1801 1101 1828 3
1132 1789 1403 1840 perseuerar'
1449 1791 1491 1828 et
1521 1787 1754 1839 guardarsi

121 1854 194 1893 dal
226 1854 355 1895 male.

198 1919 236 1959 6.
272 1919 307 1958 11
337 1931 523 1959 numero
553 1919 597 1958 di
628 1919 766 1970 quelli
798 1919 878 1958 che
909 1919 1202 1970 frequentano
1233 1919 1263 1958 li
1294 1919 1577 1963 sacramenti,
1618 1931 1755 1970 quan-

120 1986 289 2036 tunque
318 1984 395 2024 alli
426 1984 566 2024 nostri
597 1984 725 2035 amicj
759 1996 865 2035 para
896 1985 1032 2024 molto
1063 1984 1108 2023 in
1139 1987 1294 2035 questa
1324 1984 1445 2031 61113,
1487 1995 1595 2035 pure
1624 1996 1650 2023 a
1679 1983 1754 2023 noi

119 2050 229 2089 deue
260 2050 564 2090 meritamente
594 2061 722 2101 parer
755 2061 876 2101 poco,
908 2061 1031 2089 come
1061 2050 1098 2098 6,
1131 2049 1543 2089 communicandosi
1574 2049 1755 2088 ordina-

119 2115 332 2155 riamente
361 2115 403 2154 13
433 2115 663 2155 domenica
694 2115 739 2154 in
771 2117 922 2154 nostra
952 2115 1103 2154 chiesa
1133 2115 1165 2154 il
1195 2127 1380 2155 numero
1428 2115 1472 2154 di
1503 2116 1630 2154 cento
1663 2126 1755 2165 per—

117 2192 225 2220 sone
255 2180 435 2229 incirca‚
467 2181 511 2219 la
539 2181 610 2220 cui
642 2180 971 2231 perseuerantia
995 2180 1299 2220 meritamente
1330 2181 1351 2219 6
1381 2180 1525 2231 (tegna
1555 2180 1599 2218 di
1635 2191 1754 2219 esser

117 2246 320 2292 laudata;
354 2246 511 2296 poiche
540 2245 677 2297 quelli
725 2246 805 2285 che
855 2245 1146 2296 frequentano
1196 2248 1347 2285 nostra
1395 2246 1559 2293 chiesa,
1610 2257 1753 2284 sonno

117 2313 240 2350 tanto
271 2311 405 2350 derisi
434 2310 632 2350 etiandio
661 2311 769 2350 dalli
800 2311 894 2350 loro
925 2310 1170 2361 domestici,
1203 2322 1326 2350 come
1364 2311 1474 2350 altre
1515 2311 1633 2349 uolte
1663 2310 1700 2349 si
1730 2311 1752 2349 6

117 2376 269 2416 scritto
300 2379 327 2415 ¹.

197 2441 233 2480 7.
268 2441 351 2480 Per
380 2440 411 2479 il
441 2440 637 2491 giuhileo
667 2443 846 2491 passato
876 2440 913 2479 si
944 2440 1146 2479 confesso
1177 2443 1218 2479 et
1252 2440 1533 2480 communico
1582 2440 1750 2479 notabit

116 2517 301 2545 numero
331 2505 375 2544 di
406 2508 535 2556 gente
564 2505 610 2544 in
640 2508 793 2544 nostra
822 2505 986 2547 chiesa,
1019 2507 1059 2544 et
1090 2517 1180 2544 non
1211 2517 1367 2545 manco
1416 2505 1521 2544 forsi
1554 2505 1585 2543 il
1615 2504 1750 2544 Santo

115 2570 285 2615 Natale,
317 2573 357 2609 et
390 2571 512 2609 molti
544 2570 575 2609 il
606 2571 748 2621 primo
779 2570 1030 2612 dell'anno.
1063 2573 1104 2609 et
1134 2571 1172 2609 si
1194 2582 1337 2610 sonno
1360 2570 1465 2609 fatte
1488 2570 1619 2609 molte
1649 2581 1751 2609 con-

115 2635 300 2675 fessioni
323 2635 535 2687 generali,
558 2638 599 2675 et
630 2636 741 2675 tanti
772 2636 910 2675 buoni
941 2635 1078 2675 effetti
1110 2647 1252 2675 sonno
1283 2636 1327 2675 di
1358 2636 1426 2675 cio
1456 2635 1648 2675 successi
1671 2635 1749 2673 che

116 2701 251 2740 molta
280 2701 511 2740 occasione
541 2701 751 2740 hauiamo
783 2701 918 2740 hauta
948 2701 1051 2740 tutti
1095 2701 1139 2740 (11
1185 2701 1456 2751 magnificar'
1508 2701 1549 2739 la
1594 2700 1749 2739 diuina

176 2922 193 2940 a
215 2914 287 2945 7.ηᾶ
314 2923 384 2946 ms.
410 2932 449 2936 —
473 2914 490 2939 b
511 2922 589 2946 x.na
616 2923 686 2946 ms.

175 3100 185 3116 ¹
210 3098 301 3131 Vide
325 3098 419 3131 Litt.
449 3097 655 3138 Quaclrim.
681 3098 741 3132 VI.
770 3099 810 3131 69
833 3108 912 3140 sqq.
