2099 3516
381 264 443 298 toti
848 267 1051 303 er‘rnnAr,
1079 270 1420 313 QUADMMESTRES

330 382 444 420 RQ*
477 384 520 423 P.
546 387 685 423 rector
716 388 742 431 1,
779 388 917 435 preter
946 386 1209 425 domesticas
1248 387 1573 437 occupationes,
1597 388 1730 426 aliam
1766 399 1940 438 quoque

330 459 416 485 non
462 460 642 497 paruam
687 450 894 499 suscepit,
941 462 1027 499 qua
1074 451 1363 490 Ecclesiasten
1393 460 1407 476 ³¹
1457 452 1501 490 in
1547 452 1712 491 scholis
1750 454 1938 490 enarrat.

332 511 424 550 Duo
454 513 786 553 concionatores
819 515 955 553 nostri
992 515 1036 554 Ρ.
1070 515 1378 554 Haermannus
1408 518 1449 554 et
1479 516 1525 556 J’.
1563 516 1690 555 Ionas
1718 518 1732 539 '2
1767 517 1812 554 in
1842 527 1942 555 con-

328 575 535 615 cionandi
567 590 745 617 munere
775 579 931 617 diebus
952 578 1186 618 (lominicis
1215 582 1256 618 et
1286 580 1423 618 sacris
1456 582 1665 619 strennue
1694 584 1940 621 versantur.

330 652 408 679 nec
441 652 604 690 paruus
624 655 675 681 ex
705 655 852 681 eorum
886 643 1175 681 concionibus
1205 646 1406 693 speratur
1436 644 1628 691 fructus3
1662 656 1761 683 nam
1794 646 1943 683 tantus

329 707 393 743 est
424 706 558 745 huius
601 707 750 757 populj
784 708 1050 747 treuerensis
1094 708 1137 747 in
1182 708 1402 747 audiendo
1432 708 1508 747 Dei
1543 709 1673 747 verbo
1704 709 1864 753 feruor,
1897 711 1943 747 ut

330 769 550 810 interdum
580 772 684 809 ν10111)
729 773 954 822 vtriusque
997 785 1129 812 sexus
1158 774 1211 812 ad
1257 773 1485 812 ecclesiam
1529 773 1811 813 conueniant.
1852 773 1943 812 Hoc

330 836 578 874 natiuitatis
610 836 785 874 Domini
818 838 942 883 festo,
968 837 1093 876 multi
1124 837 1288 876 nostris
1309 837 1498 876 confessi
1529 839 1648 884 sunt,
1671 837 1779 888 quin
1806 837 1944 876 multo

332 900 478 950 plures
522 901 633 939 idem
678 901 950 940 desiderasse
993 902 1214 952 conspecti
1259 904 1377 947 sunt,
1410 901 1446 940 si
1494 914 1544 941 ex
1592 902 1755 941 nostris
1798 902 1944 941 idonei

329 965 467 1015 aliqui
498 966 745 1004 sacerdotes
775 966 959 1005 fuissent
982 966 1058 1016 qui
1080 967 1380 1017 germanicum
1401 978 1645 1006 sermonem
1671 966 1942 1005 calluissent.

408 1033 446 1069 (ὃ.
481 1030 565 1068 Res
608 1030 945 1069 domesticorum
992 1031 1051 1070 ita
1091 1032 1388 1075 moderantur,
1440 1034 1487 1070 ut
1529 1032 1584 1070 ad
1613 1031 1946 1070 obseruationes

331 1095 698 1133 constitutionum
729 1097 771 1133 et
814 1095 1065 1145 regularum
1097 1096 1235 1134 nostri
1267 1096 1456 1145 institutj
1489 1095 1724 1146 diligenter
1753 1095 1946 1134 attenda-

331 1163 415 1199 tur.
448 1162 489 1198 et
534 1160 837 1210 vnusquisque
880 1160 925 1198 in
968 1160 1204 1200 commisso
1247 1161 1331 1200 sibi
1375 1173 1427 1199 ex
1470 1160 1721 1199 obedientia
1768 1172 1947 1199 munere

331 1224 476 1263 studet
506 1236 593 1262 non
642 1224 867 1275 necligens
910 1225 1123 1271 inveniri;
1160 1225 1290 1264 datur
1331 1225 1462 1264 etiam
1506 1237 1652 1275 opera,
1684 1226 1732 1264 ut
1761 1225 1836 1275 qui
1868 1225 1948 1263 lin-

331 1300 461 1339 guam
494 1288 713 1339 ignorant,
745 1301 839 1328 eam
871 1290 1115 1329 addiscant.
1147 1290 1293 1329 Nostri
1324 1301 1477 1329 omnes
1505 1289 1581 1340 qui
1612 1289 1657 1328 in
1678 1289 1761 1328 hoc
1793 1289 1947 1328 viuunt

331 1353 532 1402 collegio.
579 1354 674 1403 ipso
717 1354 787 1393 die
818 1353 835 1379 b
870 1354 1192 1404 purificationis
1236 1355 1393 1394 Beatae
1442 1354 1602 1393 Mariae
1645 1353 1857 1404 Virginis.
1903 1353 1947 1392 111

333 1420 483 1457 nostro
513 1418 690 1460 sacello.
739 1419 912 1468 publice
947 1422 1047 1458 vota
1092 1431 1171 1458 sua
1203 1421 1489 1461 renouarunt.
1524 1419 1572 1459 R.
1607 1419 1650 1457 P.
1687 1418 1945 1469 prouincialj

332 1483 594 1527 celebrante
628 1495 652 1522 a
690 1496 778 1534 quo
825 1484 990 1534 singulj
1042 1496 1210 1523 sacram
1258 1484 1552 1523 eucharistiae
1594 1483 1947 1522 communionem

332 1547 489 1586 deuote
534 1550 834 1598 perceperunt.
882 1551 1008 1599 prout
1053 1549 1145 1587 fieri
1190 1549 1315 1592 solet,
1360 1548 1539 1599 quando
1581 1547 1834 1587 scholastici
1873 1559 1950 1597 ap-

334 1612 504 1662 probati
548 1612 856 1652 admittuntur.
894 1612 1019 1662 Quod
1049 1615 1095 1652 ut
1126 1613 1247 1652 tieret
1275 1624 1327 1652 ex
1358 1613 1404 1652 P.
1438 1612 1699 1663 prouincialj
1747 1612 1949 1662 impetra-

335 1679 433 1716 runt
466 1678 671 1716 nonnulli
703 1678 902 1728 magistri
933 1690 1020 1728 quo
1050 1678 1197 1717 studia
1228 1678 1477 1716 inchoanda
1509 1677 1709 1716 foelicius
1738 1679 1951 1726 01531100-

336 1742 428 1780 rius
457 1742 510 1781 ad
543 1742 619 1781 Dei
651 1743 835 1791 gloriam
868 1745 910 1782 et
942 1743 1239 1793 proximorum
1272 1742 1503 1781 Vtilitatem
1535 1744 1785 1781 tractarent.

414 1807 449 1844 7.
484 1806 632 1857 Neque
663 1807 733 1846 hic
764 1808 999 1857 praeterire
1044 1819 1221 1858 possum
1267 1807 1343 1846 illa
1386 1818 1498 1856 quae
1543 1805 1730 1844 maxime
1774 1805 1826 1844 ad
1874 1805 1949 1844 Dei

335 1872 519 1922 gloriam
564 1872 947 1911 commemoranda
990 1884 1160 1911 censeo.
1194 1872 1293 1910 Erat
1326 1871 1397 1910 hic
1427 1871 1548 1909 faber
1589 1870 1807 1919 aurarius,
1840 1870 1953 1908 inter

337 1937 512 1987 plebeos
557 1949 644 1976 non
689 1937 884 1981 intimus,
929 1938 1004 1988 qui
1036 1950 1060 1976 a
1090 1938 1275 1976 demone
1323 1937 1517 1988 grauiter
1564 1938 1746 1975 vexatus
1795 1935 1953 1974 inentis

335 2014 489 2051 expers
520 2002 805 2048 1·e‹ldel›alu1·;
831 2003 901 2041 hic
933 2005 1160 2053 postquam
1194 2002 1313 2041 domi
1335 2013 1441 2040 suae
1464 2001 1535 2040 vni
1558 2013 1609 2039 ex
1631 2000 1795 2039 nostris
1815 2000 1951 2038 animi

336 2066 404 2105 sui
436 2069 601 2105 secreta
645 2067 831 2116 aperuit,
864 2070 903 2106 et
937 2067 1185 2105 venerabile
1230 2066 1393 2105 Christi
1440 2077 1600 2116 corpus
1643 2065 1686 2103 in
1717 2065 1952 2114 conspectu

336 2131 576 2170 amicorum
609 2143 707 2170 cum
741 2143 871 2170 vxore
902 2131 985 2170 sibi
1018 2131 1213 2181 grauiter
1242 2133 1371 2169 antea
1401 2130 1567 2169 offensa
1600 2129 1909 2168 reconciliatus
1940 2138 1952 2153 ι·

338 2196 542 2247 percepit.
577 2196 635 2235 ita
679 2197 965 2236 confirmatus
1010 2196 1108 2239 fuit,
1142 2198 1187 2235 ut
1218 2196 1430 2246 pristinos
1474 2195 1589 2234 vitae
1631 2206 1799 2233 errores
1841 2194 1954 2232 dete-

336 2263 540 2303 staretur,
586 2273 635 2299 ac
678 2260 875 2310 corporis
924 2260 1219 2299 valetudinem
1264 2272 1351 2310 qua
1395 2259 1614 2309 impotens
1663 2260 1804 2297 factus
1846 2260 1951 2302 eratq

337 2328 692 2376 consequeretur.
735 2326 880 2365 Huius
923 2325 1124 2375 exemplo
1167 2324 1372 2364 commoti
1417 2324 1553 2371 ciues,
1600 2326 1774 2363 nostros
1806 2323 1955 2361 Patres

337 2390 391 2428 ad
431 2390 543 2429 alios
587 2390 721 2428 simili
767 2390 1017 2429 calamitate
1066 2390 1319 2428 laborantes
1367 2389 1587 2428 interdum
1637 2392 1809 2427 vocant.
1856 2387 1955 2426 Fuit

339 2458 532 2505 preterea
563 2456 776 2503 quaedam
821 2458 1020 2494 matrona
1064 2455 1264 2495 honesta.
1297 2466 1409 2505 quae
1440 2454 1603 2493 nostris
1648 2464 1850 2503 magnam
1885 2464 1956 2502 pe-

338 2520 569 2559 cuniarum
619 2532 835 2559 summam
887 2520 1156 2571 pauperibus
1199 2519 1547 2558 distribuendam
1598 2518 1773 2559 obtulit.
1823 2528 1954 2566 quam

339 2587 592 2624 constanter
636 2588 907 2626 recusarunt,
955 2589 1046 2624 tum
1077 2585 1194 2634 quod
1238 2585 1290 2623 de
1322 2584 1520 2634 pecuniis
1564 2583 1653 2622 illis
1697 2582 1808 2621 nihil
1851 2581 1955 2620 certi

402 2750 416 2765 21
448 2742 530 2780 seq.
560 2749 591 2772 r.
615 2749 782 2780 prorsus
807 2740 1068 2770 oble'teralnm.
1107 2757 1145 2760 Q
1172 2739 1187 2763 Ιι
1209 2738 1291 2769 diae
1330 2748 1398 2769 mx.
1434 2756 1472 2758 —
1496 2746 1509 2761 ‹·
1536 2735 1691 2767 lz'meml.
1726 2744 1772 2766 em
1800 2734 1957 2765 reconsi-

341 2794 466 2825 liatus.

404 2941 410 2956 ¹
439 2938 473 2970 1).
501 2938 684 2969 Antonius
709 2936 838 2968 Vinck.
861 2936 978 2975 Hujus
1003 2934 1180 2966 iudicium
1206 2934 1249 2966 de
1273 2933 1416 2973 collegii
1435 2932 1566 2964 incolis
1583 2931 1665 2963 vide
1683 2931 1735 2961 sis
1752 2929 1849 2970 apud
1868 2929 1959 2959 Lai-

344 2992 403 3022 nii
426 2992 599 3023 lllomcm.
624 2990 665 3025 V,
690 2990 751 3021 369
774 2999 851 3030 sqq.

404 3048 415 3064 '2
440 3045 503 3077 ΡΡ.
530 3045 736 3076 Hermanus
759 3042 950 3083 Thyraeus
974 3043 1009 3073 et
1036 3042 1140 3073 lonas
1169 3040 1288 3071 Adler.
