2099 3516
461 275 541 312 613.
570 297 611 301 -
642 275 922 312 VALLrsOLETo
949 275 971 311 6
997 274 1190 311 IANUARH
1218 274 1308 311 156a
1595 272 1660 308 711

82 395 158 435 nia
187 394 381 443 ridebat;
413 394 490 433 sed
519 394 695 433 tandem
728 394 1046 434 uoracissimus
1076 394 1194 445 ignis
1237 392 1407 433 sedavit
1443 391 1638 443 proterui
1668 393 1709 431 et

82 459 356 500 contumacis
386 459 583 498 hominis
612 460 892 499 dementiam.
917 460 979 499 De
1008 462 1279 499 caeterorum
1313 469 1416 497 uero
1446 457 1588 496 salute
1619 468 1709 495 non

82 537 263 576 paruam
294 524 579 575 concepimus
608 536 731 575 spem
762 527 790 565 1.
832 525 941 565 Cum
962 525 1098 564 semel
1119 523 1408 575 inquisitores
1436 521 1710 562 comitissam

82 589 242 631 Osorni
285 590 632 640 alloquerentur,
665 589 982 641 incidissetque
1025 590 1078 629 de
1121 589 1336 629 Societate
1366 589 1518 627 nostra
1548 598 1707 634 sermo,

80 667 215 707 quam
244 655 298 694 de
327 654 457 694 nobis
486 654 743 705 opinionem
774 655 1001 701 haberent,
1033 655 1105 694 his
1137 654 1285 693 uerbis
1327 652 1617 693 ostenderunt
1646 651 1710 691 di-

80 722 251 760 centes:
298 719 519 759 neminem
564 720 930 769 praestantiorem
974 732 1167 771 operam.
1213 718 1629 769 diligentioremque
1663 716 1710 755 in

80 785 151 825 sui
194 784 326 825 officii
368 784 665 831 commodum,
700 787 747 823 ut
790 787 936 835 patres
980 787 1155 824 nostros
1198 784 1414 823 collocare
1451 790 1490 822 a.
1523 782 1564 821 Is
1604 793 1709 821 uero

80 850 199 901 apud
237 861 368 902 quem
398 849 546 896 fiscus,
579 861 666 900 quo
710 849 783 889 isti
828 850 1035 889 haeretici
1081 850 1331 901 priuantur,
1364 847 1608 899 reponitur,
1640 846 1711 886 uir

79 926 215 955 sanae
244 916 455 966 prouatae
484 914 585 954 fidei
615 917 657 954 et
687 915 838 965 grauis
867 915 944 966 qui
975 915 1140 954 nostris
1169 914 1416 961 confitetur,
1453 913 1543 952 imo
1572 914 1615 951 et
1643 911 1710 963 ip-

79 980 210 1020 simet
238 979 540 1031 inquisitores,
574 980 715 1019 Prem.
748 982 959 1019 rectorem
990 980 1331 1026 admonuerunt,
1367 980 1413 1018 ut
1443 978 1489 1017 in
1510 977 1606 1017 suis
1634 988 1708 1016 ne-

79 1045 213 1097 gotijs
242 1047 395 1085 nostra
425 1056 530 1084 cura
561 1057 650 1084 non
680 1045 866 1092 deesset,
898 1057 994 1084 esse
1024 1056 1215 1096 namque
1260 1044 1450 1083 maxime
1484 1054 1597 1094 opus
1627 1042 1710 1082 hoc

80 1111 336 1162 praesertim
368 1112 578 1162 tempore,
610 1110 687 1150 ubi
717 1111 883 1150 sensim
914 1111 1014 1150 fidei
1046 1111 1196 1150 hostes
1226 1110 1440 1160 irrepunt.

183 1176 222 1216 5.
256 1175 312 1215 Hi
333 1187 502 1223 omnes,
525 1177 568 1215 et
588 1175 662 1226 alij
687 1188 819 1226 quam
844 1176 1023 1226 plurimi
1048 1176 1149 1223 uiri,
1174 1177 1325 1215 nostro
1346 1173 1709 1214 circuncissionis

76 1241 188 1282 festo
204 1241 467 1282 celebrando
488 1241 798 1288 interfuerunt,
817 1242 945 1293 cujus
962 1242 1208 1281 solennitas
1230 1241 1382 1291 paucis
1400 1240 1487 1280 dici
1504 1252 1593 1279 non
1613 1251 1710 1291 pos-

75 1309 156 1356 set,
179 1307 275 1347 siue
294 1307 349 1346 ad
369 1308 630 1346 ornamenta
651 1306 868 1353 attendas,
888 1307 1052 1357 quibus
1073 1307 1285 1356 templum
1308 1308 1401 1345 erat
1421 1306 1703 1353 instructum,

77 1372 173 1412 siue
204 1371 437 1424 religiosos
467 1371 603 1419 uiros,
636 1372 713 1422 qui
744 1372 798 1410 ad
832 1372 1066 1422 prandium
1088 1372 1268 1411 inuitati
1291 1373 1418 1418 sunt3
1443 1372 1569 1410 erant
1589 1370 1708 1410 enim

77 1436 275 1476 omnium
309 1436 574 1488 religionum
609 1436 853 1487 principes,
887 1436 983 1476 siue
1013 1437 1068 1475 ad
1098 1436 1359 1476 conuiuium
1395 1436 1558 1487 ipsum,
1590 1435 1709 1486 quod

77 1502 300 1553 expensis,
332 1504 426 1542 tum
455 1502 709 1542 comitissae
739 1501 1001 1549 Osorninae,
1037 1504 1127 1541 tum
1171 1502 1377 1541 dominae
1416 1501 1606 1541 illustris
1636 1500 1710 1540 ad-

78 1567 257 1607 modum
302 1567 510 1607 dominae
553 1567 716 1607 Mariae
746 1567 800 1606 de
829 1567 1062 1615 Mendoza;
1109 1567 1156 1606 in
1185 1579 1236 1607 eo
1267 1569 1413 1606 tamen
1457 1577 1630 1617 semper
1658 1577 1709 1605 eo

79 1632 233 1671 oculos
262 1631 534 1684 conjecimus
565 1644 619 1671 ne
649 1632 757 1683 quid
803 1634 971 1682 praeter
1014 1632 1245 1682 religionis
1284 1631 1546 1671 modestiam
1577 1641 1711 1681 appa-

78 1698 204 1736 reret.
238 1697 458 1736 Adhibuit
487 1697 534 1736 in
563 1709 614 1736 eo
646 1697 756 1736 festo
785 1697 1044 1736 concionem
1067 1697 1197 1736 Pater
1217 1696 1470 1736 Gutterrius
1500 1694 1710 1735 omnibus

79 1761 223 1801 modis
267 1761 534 1809 absolutam,
567 1762 727 1801 litteris
776 1762 956 1812 quidem
1001 1762 1188 1801 multum
1234 1762 1413 1808 claram,
1445 1761 1523 1800 sed
1561 1762 1710 1799 tamen

77 1826 170 1866 zelo
200 1826 452 1867 animarum
473 1827 732 1878 flagrantem
750 1840 759 1875 3
783 1827 880 1879 ejus
901 1827 1056 1866 laudes
1078 1839 1308 1878 nunquam
1330 1838 1421 1865 non
1451 1826 1494 1865 in
1529 1826 1709 1865 illorum

76 1891 448 1943 grauissimorum
481 1892 679 1932 uirorum
710 1904 785 1932 ore
816 1895 1066 1932 uersantur.
1101 1892 1218 1932 Haec
1261 1892 1360 1931 laus
1394 1903 1575 1931 suarum
1607 1902 1710 1930 con-

76 1957 256 1997 cionum
300 1958 550 1998 communis
593 1960 673 2002 est,
723 1960 771 1998 ut
817 1958 1031 2009 quotidie,
1069 1960 1244 2008 peracta
1286 1957 1514 2005 concione,
1560 1957 1710 1996 dicant

77 2023 325 2063 auditores:
358 2036 588 2075 nunquam
619 2024 681 2063 ita
710 2026 863 2063 ornate
893 2024 1182 2064 concionatus
1212 2026 1291 2065 est.

155 2089 193 2128 6.
225 2089 288 2128 Ex
308 2089 380 2128 his
400 2101 491 2129 non
511 2090 697 2129 obscure
718 2090 926 2141 colligere
950 2090 1109 2141 poterit
1140 2090 1185 2130 P.
1214 2090 1262 2129 T.
1296 2090 1492 2141 quantus
1521 2088 1580 2128 sit
1608 2100 1711 2128 con-

77 2153 322 2194 fessionum
352 2166 612 2203 concursus,
644 2155 721 2206 qui
766 2167 874 2195 sane
918 2157 1069 2195 tantus
1112 2157 1191 2202 est,
1226 2157 1273 2194 ut
1310 2154 1510 2194 omnium
1542 2154 1597 2194 ad
1627 2165 1710 2193 000

76 2219 379 2259 accedentium
412 2220 529 2259 uotis
559 2220 766 2260 satisfieri
797 2233 886 2260 non
917 2221 1071 2271 possit.
1104 2220 1223 2271 quod
1247 2220 1316 2260 uel
1339 2220 1529 2259 maxime
1559 2219 1710 2259 uidere

76 2286 192 2324 esset
207 2284 292 2324 hoc
311 2285 452 2325 sancti
474 2286 695 2325 aduentus
716 2288 935 2336 tempore;
960 2298 1061 2325 nam
1083 2298 1190 2325 sane
1211 2285 1517 2325 haebdomada
1551 2286 1710 2336 quarta

76 2349 226 2400 potius
273 2353 428 2390 sancta
457 2351 694 2391 uidebatur
723 2351 810 2398 his,
842 2351 919 2402 qui
949 2352 1254 2391 confitentium
1287 2362 1521 2390 numerum
1554 2350 1710 2390 aduer-

74 2415 251 2463 tebant;
283 2417 326 2455 et
355 2418 470 2456 certe
501 2428 577 2466 per
606 2417 759 2456 Patres
790 2420 967 2456 nostros
998 2429 1087 2456 non
1122 2417 1257 2461 stetit,
1290 2416 1399 2467 quin
1429 2418 1709 2467 peccatorum

76 2480 266 2520 sarcinis
296 2481 414 2532 apud
444 2493 527 2521 nos
556 2482 770 2533 depositis
813 2483 1004 2530 abirent,
1036 2494 1207 2521 summe
1246 2482 1366 2521 enim
1396 2482 1442 2521 in
1473 2482 1588 2521 banc
1617 2492 1708 2521 rem

76 2545 408 2595 incumbebant,
440 2547 516 2587 sed
546 2550 695 2587 tamen
724 2548 818 2588 fieri
850 2560 940 2587 non
970 2548 1129 2599 potuit,
1161 2548 1271 2599 quin
1294 2547 1422 2586 multi
1452 2547 1541 2586 alio
1571 2546 1709 2587 disce-

75 2610 243 2652 derent.

138 2797 158 2817 a
188 2789 413 2823 coUocarent
434 2790 482 2824 A.

136 2960 148 2978 ¹
170 2960 278 3002 Apud
301 2961 546 2994 SANGRADOR:
583 2962 765 2995 Historia
789 2964 834 2995 de
858 2964 898 2996 ῑα
923 2965 1074 2997 cindacl
1097 2965 1142 2997 cle
1175 2964 1409 3000 Valladolid,
1436 2964 1462 3004 I,
1488 2973 1567 3006 cap.
1597 2963 1706 3005 XXV,

73 3013 242 3047 invenies
265 3015 476 3057 catalogum
509 3024 647 3055 eorum,
678 3017 742 3058 qui
777 3026 902 3050 mense
926 3018 1075 3050 Octobri
1100 3019 1177 3051 1561
1203 3019 1248 3050 ab
1283 3018 1530 3060 inquisitione
1560 3018 1709 3051 valliso-

75 3066 200 3100 letana
223 3068 349 3110 puniti
373 3070 477 3102 sunt.
