2099 3516
429 282 500 318 0298
901 282 1104 319 Li'rTnRAn
1142 283 1486 328 QuAanESTREs

384 399 525 438 ethice
567 402 698 450 atque
727 400 1010 450 grammatice
1054 400 1266 439 foeliciter
1294 402 1425 451 atque
1468 413 1628 452 magno
1667 402 1894 441 doctorum
1923 403 2000 442 ho-

385 464 554 503 minum
596 464 815 515 applausu
858 464 1132 514 disputatum
1175 467 1254 511 est,
1287 477 1376 504 uno
1422 465 1633 516 magistro
1678 466 1910 506 Societatis
1953 467 1999 506 in

383 528 620 579 theologia,
652 531 694 567 et
735 528 878 567 tribus
921 528 1134 567 studiosis
1163 541 1186 568 e
1215 541 1333 568 nouo
1366 529 1553 580 collegio
1582 530 1629 569 in
1658 531 1841 570 caeteris
1869 531 2000 570 disci·

386 592 520 643 plinis
549 593 932 642 respondentibus.
967 593 1017 631 Et
1046 605 1133 643 quo
1164 593 1339 643 paruuli
1369 593 1445 644 qui
1486 594 1743 634 nutriuntur
1772 594 1818 633 in
1847 595 1998 634 eodem

383 657 584 707 collegio,
616 657 686 696 sui
733 657 954 707 profectus
996 657 1177 707 aliquod
1224 658 1446 708 specimen
1502 659 1722 705 aederent,
1773 659 1998 710 dialogum

382 722 602 772 quendam
632 722 685 760 de
713 721 997 761 scientiarum
1019 722 1210 761 utilitate
1238 722 1285 761 in
1316 734 1475 773 magno
1504 723 1735 762 hominum
1765 723 1894 762 etiam
1926 736 2000 763 ru-

383 786 505 825 dium
535 786 770 833 auditorio,
794 797 873 825 nec
901 787 1068 837 absque
1098 787 1335 826 multorum
1367 787 1659 827 admiratione
1687 788 1997 828 exhibuerunt.

384 850 598 889 Rhetores
643 850 774 889 etiam
822 850 1026 897 studiosi,
1071 851 1147 902 qui
1195 853 1300 890 sunt
1348 852 1397 890 14
1442 852 1627 891 eximiae
1674 852 1765 903 spej
1797 852 1997 899 iuuenes,

383 917 553 965 praeter
581 914 906 965 disputationes
934 917 1064 966 atque
1094 916 1430 955 exercitationes
1469 918 1556 955 tam
1586 916 1737 967 ligato,
1768 928 1901 967 quam
1930 928 1999 956 so-

382 978 476 1017 luto
505 978 679 1017 dicendi
709 990 881 1029 genere,
904 979 1139 1018 dominicis
1169 979 1425 1029 praesertim
1454 980 1705 1031 quibusque
1734 980 1905 1026 diebus,
1929 980 1999 1019 uel

382 1042 453 1092 pie
482 1042 742 1082 Sanctorum
772 1054 822 1082 ac
842 1043 1059 1082 uirtutum
1090 1043 1258 1091 laudes,
1282 1044 1353 1083 uel
1378 1046 1687 1083 controuersas
1716 1044 1885 1084 ethicae
1905 1044 2000 1095 phi-

382 1107 611 1158 losophiae
640 1108 923 1158 quaestiones
951 1108 1127 1158 publice
1156 1108 1417 1148 declamant.

461 1172 499 1211 4.
531 1172 680 1223 Neque
724 1184 828 1211 uero
872 1173 943 1223 pia
986 1175 1163 1212 nostrae
1206 1173 1455 1212 uocationis
1502 1173 1658 1221 officia,
1691 1173 1855 1224 quibus
1893 1173 2000 1212 haec

383 1238 482 1276 Iesu
512 1236 706 1277 Societas
735 1237 925 1277 aliorum
954 1250 1129 1289 quoque
1159 1238 1389 1278 hominum
1427 1239 1615 1278 salutem
1659 1239 1824 1289 passim
1854 1250 1904 1278 ac
1932 1250 1999 1278 se-

382 1301 488 1341 dulo
517 1313 776 1352 promouere
817 1302 1065 1349 consueuit,
1097 1302 1169 1341 hic
1211 1302 1393 1342 omnino
1436 1303 1746 1353 praetermissa
1775 1303 1997 1342 uidentur.

383 1366 646 1417 Quanquam
675 1366 793 1405 enim
823 1367 967 1406 boemi
997 1369 1039 1406 et
1059 1367 1257 1418 germani
1287 1367 1363 1418 qui
1393 1367 1650 1407 Bohemiam
1685 1367 1898 1416 incolunt,
1929 1367 2000 1406 uel

383 1443 611 1482 nunquam
642 1431 713 1471 uel
744 1443 841 1470 raro
870 1432 1042 1471 soleant
1071 1432 1284 1479 confiteri,
1318 1444 1399 1472 nos
1429 1434 1575 1471 tamen
1618 1433 1701 1472 hoc
1735 1444 1859 1471 sacro
1893 1434 1999 1471 tem-

384 1508 486 1547 pore
515 1496 687 1535 circiter
714 1497 793 1535 500
834 1496 1075 1536 habuimus
1118 1497 1407 1547 poenitentes,
1439 1509 1462 1536 e
1491 1497 1654 1548 quibus
1698 1498 1761 1545 16,
1798 1496 1999 1536 abiurata

382 1561 617 1601 lutherana
659 1563 701 1600 et
733 1561 950 1600 hussitica
993 1561 1189 1611 perfidia,
1221 1561 1430 1601 ecclesiae
1473 1561 1551 1601 Dei
1595 1561 1810 1609 restituti,
1842 1563 1885 1600 et
1913 1563 2001 1601 tres

382 1626 456 1677 alij
480 1626 532 1665 de
554 1625 653 1665 fidei
674 1626 942 1677 quibusdam
972 1626 1172 1665 articulis
1192 1626 1460 1674 dubitantes,
1483 1626 1592 1666 adeo
1612 1626 1855 1676 confirmatj
1879 1628 1998 1672 sunt,

382 1693 431 1730 ut
461 1703 537 1741 pro
568 1690 781 1741 religione
822 1691 1056 1737 catholica,
1087 1690 1125 1729 si
1169 1702 1237 1730 res
1266 1691 1329 1730 sic
1368 1691 1625 1742 postularet,
1656 1693 1860 1741 oppetere
1890 1702 2002 1729 mor-

383 1758 469 1795 tem
515 1755 783 1806 paratissimi
828 1755 1105 1801 uiderentur;
1151 1757 1193 1794 et
1235 1756 1323 1795 duo
1367 1767 1443 1806 per
1486 1755 1730 1803 biennium,
1766 1767 1884 1794 unus
1926 1767 2002 1805 per

382 1820 678 1870 septennium.
711 1822 799 1859 tres
828 1820 985 1859 aetatis
1015 1820 1265 1870 grandeuae
1294 1831 1522 1870 nunquam
1554 1831 1629 1870 per
1657 1831 1831 1859 omnem
1862 1819 2000 1859 uitam

382 1885 571 1924 confessi
602 1886 798 1932 fuerant;
832 1884 892 1923 ita
923 1884 995 1923 hic
1015 1884 1221 1924 instructi
1247 1886 1366 1932 sunt,
1390 1887 1438 1924 ut
1466 1886 1628 1923 certam
1658 1884 1776 1923 uitae
1808 1883 2002 1923 melioris

382 1961 503 2000 spem
547 1949 677 1988 nobis
719 1949 1038 1999 promitterent,
1070 1949 1232 1988 nedum
1275 1949 1555 1999 praeteritam
1598 1948 1757 1988 salutis
1798 1948 2001 1999 propriae

383 2014 698 2065 negligentiam
728 2014 1065 2053 detestarentur.
1098 2014 1223 2053 Multi
1268 2025 1444 2065 quoque
1487 2013 1651 2052 multos
1680 2013 2000 2052 haereticorum

383 2079 535 2126 libros,
569 2080 616 2118 ut
644 2080 950 2129 cognouerunt
979 2078 1228 2128 prohibitos
1256 2090 1366 2125 esse,
1402 2078 1532 2117 nobis
1565 2077 1886 2117 comburendos
1915 2079 2001 2116 tra-

382 2143 604 2191 diderunt,
638 2143 778 2194 pluris
807 2143 981 2182 animae
1024 2143 1212 2182 salutem
1256 2155 1389 2194 quam
1432 2142 1725 2193 pessimorum
1768 2142 1998 2189 librorum,

381 2209 589 2259 quamuis
619 2221 828 2259 magnum
858 2208 1068 2259 precium,
1099 2208 1397 2247 aestimantes.
1431 2207 1674 2247 Conciones
1712 2207 1815 2246 item
1845 2214 1863 2233 a
1898 2218 2001 2246 nos-

382 2275 474 2312 trae
504 2273 823 2324 frequentiores
851 2275 1092 2312 cernuntur
1122 2273 1167 2311 in
1197 2272 1304 2312 dies.
1342 2272 1394 2311 Et
1422 2284 1522 2312 cum
1566 2272 1648 2311 hoc
1676 2273 1870 2322 tempore
1898 2283 1999 2310 con-

382 2338 586 2377 ciliorum
616 2340 656 2377 et
686 2338 895 2377 ecclesiae
925 2337 1037 2377 ratio
1066 2339 1198 2388 atque
1236 2338 1483 2377 authoritas
1526 2337 1680 2376 multis
1721 2336 1871 2387 ignota
1901 2347 2001 2375 con-

383 2404 618 2450 temnatur,
642 2402 809 2453 placuit
829 2401 1112 2441 serenissimo
1133 2401 1338 2453 principi,
1362 2404 1410 2441 ut
1430 2401 1504 2440 ille
1524 2401 1652 2440 cuius
1677 2412 1758 2440 sua
1785 2400 2000 2440 celsitudo

382 2467 618 2507 conciones
646 2467 771 2507 audit
801 2470 829 2515 1,
861 2468 1043 2507 alteram
1073 2479 1245 2518 semper
1272 2466 1500 2506 concionis
1520 2467 1688 2516 partem
1718 2465 1765 2504 in
1793 2465 2001 2504 ecclesiae

383 2532 679 2571 declaratione
698 2534 989 2572 consumeret.
1014 2532 1155 2582 Quam
1176 2543 1282 2571 sane
1303 2542 1393 2570 rem
1415 2542 1495 2570 nec
1514 2530 1646 2570 etiam
1667 2530 1831 2581 populo
1851 2529 2000 2569 minus

382 2596 552 2646 utilem,
583 2609 716 2648 quam
745 2599 913 2648 gratam
946 2597 1083 2637 fuisse
1112 2598 1298 2637 constat.
1331 2595 1488 2636 Cultus
1517 2595 1670 2646 templi
1705 2594 1846 2634 nostri
1888 2594 2001 2634 diui—

382 2674 483 2709 nus,
514 2674 605 2701 non
634 2662 779 2702 solum
809 2662 1054 2708 catholicis,
1086 2662 1162 2701 sed
1191 2663 1233 2701 et
1267 2660 1454 2700 hussitis
1497 2662 1723 2710 tantopere
1765 2659 1921 2710 placet,
1952 2661 2001 2699 ut

382 2726 563 2778 quidam
607 2727 786 2766 illorum
828 2726 958 2766 nobis
1001 2726 1238 2777 aliquoties
1279 2725 1471 2765 dixerint
1512 2724 1654 2764 officia
1687 2723 1843 2764 diuina
1870 2724 2001 2774 longe

443 2900 462 2919 a
482 2891 571 2923 item
593 2899 719 2932 supra
740 2900 842 2923 vers.

444 3052 455 3070 ¹
479 3051 561 3093 Ipse
583 3052 766 3092 epistulae
790 3052 931 3084 auctor.
956 3051 1008 3085 Cf.
1032 3051 1128 3084 Litt.
1157 3049 1362 3090 Quadrim.
1386 3047 1447 3087 VI,
1471 3047 1598 3079 472-73.
