2099 3516
545 236 626 272 513.
653 257 697 260 —
724 235 944 271 MONAcmo
973 235 990 270 1
1018 234 1119 271 MA11
1147 235 1234 270 1561
1586 236 1655 272 0253

75 355 354 406 superiorum
384 354 439 393 ad
470 354 659 394 uirtutes
693 365 862 399 omnes,
895 352 1019 392 iuxta
1062 352 1257 392 instituti
1301 353 1442 392 nostri
1486 353 1702 393 rationem

75 419 338 466 exhortatio,
362 421 516 458 mutua
545 419 677 458 etiam
709 419 906 468 ipsorum
938 417 991 456 de
1022 417 1154 456 rebus
1174 417 1486 467 spiritualibus
1507 418 1700 457 collatio.

75 484 144 524 Ad
174 484 293 524 hunc
322 484 468 535 ipsum
513 484 645 523 finem
690 482 1052 522 commodissima
1096 493 1269 532 semper
1298 482 1349 521 R.
1383 482 1528 521 Patris
1563 482 1703 521 nostri

75 551 253 589 sanctae
285 549 520 588 memoriae
550 547 803 599 spiritualia
833 547 911 586 illa
940 546 1148 586 exercitia
1191 546 1396 586 instituta
1426 548 1553 586 sunt:
1586 547 1704 586 unde

74 616 116 654 et
146 614 303 665 iisdem
334 614 567 665 plerosque
596 624 750 652 omnes
779 614 881 651 ante
910 612 1158 662 generalem
1202 611 1526 651 confessionem
1556 611 1703 651 iuuari

74 679 346 719 curauimus.
379 679 473 719 Hoc
515 677 882 729 quadragesimae
926 679 1121 727 tempore
1155 679 1243 716 tres
1273 688 1326 716 ex
1356 677 1522 716 nostris
1552 677 1607 716 ad
1637 688 1703 716 sa-

73 755 196 784 crum
226 744 610 795 hypodiaconatus
639 742 838 782 ordinem
870 741 1077 793 promoti,
1110 741 1166 780 ad
1196 741 1387 781 maiores
1429 741 1543 780 alios
1578 741 1703 781 breui

74 808 366 859 promouendi
405 810 524 848 sunt.
557 807 738 847 Mirifice
781 807 896 845 inter
924 808 1094 845 caetera
1125 804 1214 846 Rdi.
1245 805 1384 856 patris
1414 805 1705 856 prouincialis

74 873 215 913 nostri
232 876 244 898 1
263 874 511 924 praesentia
532 873 579 912 in
600 872 791 912 Domino
812 883 895 911 nos
915 873 980 910 est
1001 871 1246 918 consolata,
1269 870 1361 921 qui,
1379 870 1555 910 tametsi
1578 882 1705 921 prop-

74 941 140 979 ter
167 939 256 979 alia
276 939 454 990 negotia
484 939 572 978 huc
601 937 812 982 uenisset,
835 938 1048 976 euocatus
1068 935 1236 975 scilicet
1257 936 1312 975 ab
1333 935 1560 976 illustriss.
1583 935 1704 986 prin-

72 1005 184 1056 cipis
214 1006 351 1044 matre
380 1006 410 1051 2,
445 1016 522 1055 pro
552 1015 634 1043 sua
662 1005 811 1042 tamen
856 1001 1077 1053 singulari
1107 1001 1154 1040 in
1190 1012 1272 1040 nos
1301 1000 1531 1048 charitate,
1563 1001 1705 1040 neuti-

73 1082 206 1122 quam
250 1070 306 1109 ad
347 1069 650 1109 omnimodam
694 1079 777 1107 nos
816 1066 1130 1118 perfectionem
1173 1066 1379 1113 excitare,
1412 1068 1506 1105 tum
1550 1066 1702 1113 uerbo,

73 1137 167 1175 tum
210 1135 411 1186 exemplo
454 1146 536 1174 suo
578 1132 888 1184 praetermisit.
927 1132 1053 1171 Vnus
1095 1143 1148 1171 ex
1191 1131 1357 1170 nostris
1400 1131 1705 1170 sacerdotibus

73 1203 173 1252 post
219 1200 429 1240 lectiones
476 1202 518 1239 et
566 1198 878 1250 responsiones
926 1209 1032 1237 suas
1079 1209 1179 1236 cum
1228 1197 1359 1236 laude
1403 1198 1616 1247 peractas,
1658 1196 1705 1235 in

73 1265 414 1318 ingolstadiensi
445 1264 739 1304 uniuersitate
782 1262 1060 1303 baccalaurei
1104 1261 1355 1313 theologiae
1384 1261 1515 1301 titulo
1544 1263 1611 1300 est
1640 1261 1706 1300 in-

73 1331 282 1383 signitus.
314 1331 483 1371 Vnicus
511 1331 578 1370 est
606 1329 662 1368 ad
693 1327 999 1380 probationem
1029 1327 1137 1366 dum
1166 1327 1341 1366 adesset
1361 1326 1434 1366 hic
1454 1326 1584 1365 Pater
1607 1338 1705 1377 pro-

73 1397 283 1438 uincialis
311 1396 550 1444 admissus,
583 1395 659 1435 sed
689 1394 888 1434 Viennae
918 1393 1191 1444 probandus.
1224 1392 1496 1431 Adolescens
1525 1394 1591 1431 est
1610 1392 1705 1443 spei

74 1464 231 1511 bonae,
263 1461 429 1513 ingenij
463 1460 711 1510 mediocris,
743 1461 905 1498 natura
934 1457 1094 1505 facilis,
1127 1457 1308 1497 natione
1347 1468 1598 1508 germanus,
1630 1468 1706 1496 na-

73 1531 146 1568 tus
188 1528 243 1567 ad
285 1527 508 1578 pietatem.
552 1525 791 1576 Speramus
833 1523 971 1563 huius
1013 1523 1215 1574 exemplo
1262 1523 1528 1573 prouocatos
1574 1521 1703 1569 alios,

73 1592 282 1645 quamuis
323 1593 502 1643 propter
543 1589 873 1641 persecutiones
916 1599 1007 1627 non
1049 1587 1180 1638 pauci
1224 1587 1440 1626 hactenus
1473 1598 1498 1625 a
1533 1586 1705 1626 meliori

75 1658 301 1710 proposito
332 1657 569 1696 uideantur
599 1654 828 1695 retardari.

153 1724 191 1764 ⁰2.
222 1722 307 1773 Qui
336 1721 456 1762 domi
477 1721 726 1760 rhetoricen
748 1719 954 1766 audiunt,
977 1718 1179 1770 egregios
1208 1718 1256 1757 in
1285 1729 1336 1757 eo
1365 1717 1515 1757 studio
1537 1717 1707 1757 faciunt

74 1800 351 1841 progressus,
383 1790 425 1827 et
468 1789 561 1827 tum
606 1785 858 1837 repetendo,
891 1787 987 1824 tum
1030 1783 1337 1834 componendo
1381 1783 1618 1834 diligenter
1660 1795 1706 1823 se

73 1855 289 1894 exercent.
322 1852 517 1893 Casuum
547 1850 844 1891 conscientiae
874 1849 1005 1889 lectio
1034 1848 1166 1888 iustis
1195 1848 1248 1888 de
1277 1847 1426 1888 causis
1446 1848 1501 1887 ad
1532 1850 1707 1899 tempus

74 1918 342 1967 intermissa,
374 1917 509 1969 paulo
538 1918 638 1968 post
668 1915 1018 1962 instaurabitur:
1050 1926 1154 1953 nam
1184 1926 1235 1953 ea
1269 1913 1317 1952 in
1337 1912 1577 1953 Germania
1607 1925 1706 1953 nos-

74 1987 141 2025 tra
183 1996 284 2024 cum
327 1983 483 2034 primis
524 1983 590 2022 est
641 1980 906 2027 necessaria,
945 1981 1121 2031 propter
1173 1991 1358 2019 casuum
1412 1978 1705 2018 incidentium

74 2051 168 2089 tum
198 2047 547 2093 multitudinem,
580 2049 674 2086 tum
704 2045 1053 2096 perplexitatem.
1087 2044 1273 2084 Publica
1315 2055 1447 2094 porro
1480 2043 1703 2091 exercitia,

73 2126 187 2166 quae
216 2114 263 2153 in
292 2113 459 2153 scholis
488 2113 725 2159 habentur,
757 2122 810 2150 ex
839 2110 1041 2160 catalogo
1062 2109 1320 2157 lectionum,
1342 2120 1474 2160 quem
1496 2120 1585 2148 una
1606 2120 1704 2148 cum

74 2180 173 2220 istis
203 2178 436 2225 mittimus,
468 2177 646 2229 plenius
675 2175 973 2228 cognosce[re]
1005 2183 1023 2202 a
1058 2175 1209 2215 licebit
1238 2176 1266 2215 3.
1300 2174 1414 2214 Sunt
1447 2176 1593 2214 autem
1629 2174 1705 2225 qui

74 2245 121 2285 in
151 2244 318 2284 scholis
347 2243 513 2283 nostris
541 2244 801 2282 exercentur
829 2241 967 2281 exteri
998 2241 1100 2292 plus
1125 2240 1275 2280 minus
1303 2240 1397 2288 300,
1420 2239 1497 2291 qui
1526 2239 1705 2290 quidem

74 2310 122 2350 in
151 2322 227 2350 sex
255 2309 421 2349 classes
449 2307 694 2355 distributi,
726 2306 931 2358 singulos
973 2306 1140 2345 habent
1169 2305 1215 2344 in
1249 2305 1471 2344 classibus
1513 2303 1707 2355 singulis

75 2376 393 2426 praeceptores.
418 2374 469 2412 In
504 2372 665 2424 pietate
703 2373 743 2411 et
783 2371 985 2411 doctrina
1015 2370 1252 2422 diligenter
1281 2381 1436 2409 omnes
1464 2368 1707 2408 instituun-

75 2443 147 2480 tur
175 2439 193 2465 ¹³
220 2442 262 2479 et
291 2439 550 2490 proficiunt3
596 2449 722 2477 sacro
767 2436 967 2488 quotidie
1010 2436 1248 2482 intersunt,
1281 2435 1563 2486 frequentant
1605 2445 1707 2473 con·

75 2505 329 2551 sessionem,
373 2503 582 2543 nonnulli
629 2502 765 2542 etiam
812 2513 984 2541 sacram
1032 2500 1408 2547 communionem,
1458 2498 1706 2539 doctrinam

73 2570 364 2610 christianam
394 2569 464 2609 bis
493 2568 756 2619 septimanis
785 2567 982 2618 singulis
1012 2566 1218 2614 audiunt,
1250 2577 1437 2617 eamque
1467 2564 1706 2604 memoriae

137 2726 156 2746 a
186 2718 425 2758 Consumpta
448 2717 602 2749 charta.
626 2734 667 2738 —
689 2715 708 2742 b
737 2715 1038 2747 institutuuntur
1070 2723 1141 2747 ms.

138 2867 148 2885 ¹
172 2866 210 2899 P.
234 2860 365 2898 Petrus
388 2865 575 2899 Canisius.

69 2918 73 2920 “
136 2921 149 2939 2
171 2919 314 2951 Alberti
335 2918 378 2959 V,
403 2918 585 2951 Bavariae
607 2910 726 2957 ducis,
752 2917 870 2949 mater
892 2917 972 2949 erat
994 2915 1111 2948 Maria
1133 2914 1278 2955 Iacoba,
1299 2913 1463 2956 Philippi
1480 2912 1707 2945 Marchionis

75 2972 251 3005 badensis
273 2971 362 3005 fflia.

138 3027 152 3045 ³
173 3025 281 3058 Hunc
303 3025 514 3067 catalogum
537 3033 611 3057 non
639 3024 864 3063 invenimus·
903 3033 906 3036 ’
