2099 3516
559 252 640 288 548.
668 270 710 275 —
738 251 883 288 PRAGA
908 252 956 288 25
982 252 1167 288 Aucusm
1196 251 1283 286 1561
1627 252 1696 287 399

112 370 184 410 his
229 372 422 421 quatuor
467 370 697 410 mensibus
743 370 916 410 circiter
943 370 1022 409 ⁹200
1063 369 1320 416 habuimus,
1365 381 1621 420 quanquam
1671 370 1743 409 hic

112 435 241 486 pauci
284 435 376 476 sint
404 443 423 462 ἃ
468 435 692 482 catholici,
732 435 808 475 sed
851 435 1083 485 pauciores
1124 434 1201 485 qui
1250 434 1501 485 frequenter
1543 434 1742 474 confiteri

112 500 298 540 soleant.
331 499 537 550 Quinque
580 500 763 551 insuper
805 500 1004 539 hussitas
1034 500 1152 538 Deus
1183 511 1259 550 per
1292 501 1546 538 nostrorum
1591 499 1743 539 indus-

111 564 276 616 tria[m]
307 565 362 604 ad
393 576 548 604 uerum
571 565 790 604 Ecclesiae
821 564 1041 604 tramitem
1073 564 1262 611 reduxit,
1287 565 1335 603 ut
1360 566 1525 603 taceam
1558 563 1611 603 de
1640 564 1743 614 alijs

112 629 332 680 pluribus,
363 629 439 680 qui
473 641 547 680 per
576 631 753 668 nostros
783 629 844 668 ita
873 631 979 668 sunt
1021 628 1242 675 instructi,
1276 630 1321 668 ut
1359 630 1476 667 certo
1521 628 1744 679 promitte-

111 697 222 741 rent,
254 706 301 734 se
330 694 460 733 fidem
489 694 751 734 catholicam
786 694 1039 745 propediem
1088 694 1372 744 amplexuros
1402 704 1514 733 esse.
1548 693 1635 732 Nec
1664 693 1738 744 alij

111 759 272 806 desint,
316 759 393 810 qui
438 771 514 809 per
557 759 770 799 humilem
817 759 1132 809 poenitentiam
1165 759 1255 798 Deo
1290 760 1332 797 et
1362 758 1582 798 Ecclesiae
1624 759 1742 809 apud

111 835 194 864 nos
236 824 509 863 reconciliati
540 823 558 850 b
597 826 716 866 sunt.
761 836 951 875 quorum
997 835 1113 863 unus
1143 836 1167 862 a
1211 823 1535 874 quinquennio,
1567 823 1684 863 alius
1718 835 1743 862 a

111 889 358 939 septennio,
381 889 497 928 alius
519 901 693 928 rursum
719 889 1036 939 propemodum
1058 889 1323 939 decrepitus,
1349 900 1424 938 per
1445 890 1578 927 totam
1604 888 1741 927 uitam

111 965 201 992 non
231 954 372 993 fuerat
402 954 656 999 confessus;
690 965 770 992 nec
800 953 944 992 solum
976 953 1215 993 confitendi
1247 953 1480 1000 rationem,
1504 953 1580 991 sed
1610 953 1743 992 etiam

111 1019 194 1058 sub
224 1030 311 1058 una
342 1019 414 1058 uel
446 1021 633 1069 utraque
663 1018 808 1068 specie
838 1018 1195 1058 communicandi
1230 1026 1244 1044 <³
1290 1018 1529 1057 discrimen
1566 1017 1744 1068 penitus

110 1083 359 1134 ignorabat,
392 1084 493 1122 licet
541 1083 717 1122 interim
767 1095 813 1123 se
855 1083 1124 1122 catholicum
1168 1095 1264 1122 esse
1308 1084 1496 1133 putaret.
1543 1083 1745 1133 Augetur

110 1147 243 1187 etiam
274 1148 489 1198 paulatim
520 1148 753 1187 hominum
784 1149 1004 1188 bonorum
1035 1148 1175 1198 pietas
1218 1150 1259 1187 et
1289 1147 1483 1193 deuotio,
1521 1149 1569 1186 ut
1597 1146 1616 1173 <¹
1654 1159 1744 1186 non

110 1213 255 1252 solum
286 1213 436 1263 plures
466 1225 599 1264 quam
631 1215 760 1252 antea
790 1213 1002 1264 templum
1036 1215 1238 1252 nostrum
1268 1213 1564 1263 frequentent,
1588 1224 1741 1252 uerum

110 1277 243 1316 etiam
274 1278 481 1317 nonnulli
503 1278 705 1324 donaria,
729 1278 941 1317 nimirum
972 1278 1191 1329 imagines
1212 1280 1253 1317 et
1284 1277 1514 1328 pecuniam
1539 1277 1741 1316 offerant.

110 1342 365 1382 Doctrinam
388 1343 678 1382 christianam
708 1355 797 1382 non
829 1343 875 1382 in
906 1343 1069 1393 templo
1096 1355 1175 1382 nec
1205 1343 1251 1382 in
1281 1343 1434 1382 schola
1455 1345 1644 1387 tantum,
1668 1342 1743 1381 sed

110 1408 155 1447 in
179 1407 364 1447 aedibus
384 1407 516 1447 etiam
539 1408 705 1447 nostris
735 1408 945 1458 priuatim
967 1408 1237 1458 quibusdam
1268 1408 1505 1459 neophytis
1540 1407 1745 1446 hebraeis

110 1472 384 1512 serenissimi
415 1472 631 1523 principis
661 1480 677 1499 θ
711 1473 838 1512 iussu
868 1473 1135 1524 aliquandiu
1167 1473 1353 1523 professi
1397 1484 1577 1517 sumus;
1611 1484 1661 1511 ac
1691 1483 1745 1511 ne

110 1538 217 1589 quid
246 1538 523 1578 omitteretur
551 1538 668 1588 quod
700 1538 756 1577 ad
780 1538 988 1589 ⁷judaicae
1017 1538 1164 1589 gentis
1193 1538 1531 1577 conuersionem
1567 1538 1742 1585 faceret,

109 1603 243 1642 etiam
286 1603 417 1642 nobis
459 1603 677 1643 celsitudo
720 1615 803 1643 sua
844 1615 992 1643 coram
1037 1603 1182 1643 iudeis
1223 1603 1358 1643 semel
1390 1603 1436 1642 in
1466 1602 1745 1642 hebdomada

110 1669 405 1709 concionandi
436 1681 601 1708 munus
644 1669 883 1719 delegauit,
929 1681 1042 1720 quae
1090 1669 1328 1709 conciones
1367 1668 1510 1708 nihilo
1542 1668 1692 1708 minus
1720 1680 1746 1707 a

109 1734 383 1781 christianis,
415 1746 548 1785 quam
593 1735 649 1774 ab
691 1735 897 1774 hebraeis
940 1734 1244 1786 frequentatae
1288 1736 1407 1774 sunt.
1450 1734 1567 1784 Quin
1611 1733 1745 1773 etiam

110 1799 346 1850 pickardos
375 1799 488 1839 duos
517 1800 635 1851 apud
666 1811 749 1839 nos
778 1799 985 1839 sereniss.
1016 1799 1221 1850 princeps
1250 1799 1426 1839 institui
1457 1799 1617 1847 uoluit,
1639 1810 1746 1850 quo-

110 1877 208 1904 rum
229 1876 348 1904 unus
370 1864 519 1916 magni
550 1865 748 1904 nominis
780 1865 1092 1916 pickardorum
1122 1865 1358 1916 episcopus
1389 1876 1465 1915 per
1485 1864 1745 1903 Bohemiam

109 1929 357 1969 celebratur
386 1931 414 1969 1.
448 1929 548 1980 Qui,
576 1941 673 1970 cum
706 1930 877 1970 sincere
907 1931 1047 1970 nollet
1075 1930 1281 1980 amplecti
1312 1941 1467 1969 sanam
1497 1929 1745 1969 doctrinam

109 2007 134 2034 a
163 1994 368 2035 sereniss.
399 1995 599 2046 principe
642 1995 767 2034 iuxta
809 1995 1048 2035 consilium
1078 1997 1120 2035 et
1168 1995 1507 2035 instructionem
1547 1996 1745 2034 nostram

110 2061 310 2099 retrusus
335 2062 401 2099 est
421 2060 467 2099 in
488 2072 721 2107 carcerem,
749 2060 958 2112 quamuis
987 2060 1195 2100 nonnulli
1227 2062 1428 2111 potentes
1457 2072 1507 2099 ac
1536 2060 1745 2100 catholici

108 2124 328 2173 homines,
361 2127 407 2165 ut
438 2125 675 2165 uidebatur
706 2125 738 2173 f,
771 2125 920 2165 nescio
964 2138 1053 2177 quo
1098 2125 1277 2176 pietatis
1315 2125 1477 2164 affectu
1507 2125 1745 2164 liberatum

109 2192 334 2240 cuperent.
381 2189 453 2230 Sic
492 2190 539 2230 in
577 2190 680 2241 aliJ's
709 2202 823 2242 quae
858 2191 1083 2241 pertinent
1126 2191 1182 2230 ad
1217 2190 1535 2230 conscientiam
1566 2202 1616 2229 ac
1658 2190 1746 2241 spi-

109 2254 316 2294 ritualem
360 2255 664 2306 proximorum
708 2256 970 2307 profectum,
1017 2256 1132 2296 solet
1177 2256 1396 2296 celsitudo
1435 2267 1531 2303 sua,
1576 2258 1625 2295 ut
1667 2255 1742 2307 alij

110 2320 255 2367 multi,
288 2322 378 2360 tam
410 2332 626 2372 pauperes
655 2333 789 2372 quam
839 2323 1089 2372 magnates,
1124 2333 1256 2373 opera
1286 2333 1337 2360 ac
1366 2321 1554 2360 consilio
1593 2323 1745 2360 nostro

110 2385 364 2435 frequenter
392 2385 472 2426 uti.

188 2451 226 2491 4.
259 2450 490 2500 Quamuis,
513 2451 632 2502 quod
654 2451 726 2491 hic
747 2459 766 2486 g
795 2452 1089 2492 omittendum
1121 2464 1210 2491 non
1249 2452 1439 2499 uidetur,
1462 2463 1539 2502 per
1568 2453 1745 2491 nostros

109 2515 361 2566 frequenter
402 2516 541 2555 animi
571 2516 885 2557 dissidentium
930 2517 1164 2557 hominum
1199 2517 1394 2556 fraterna
1437 2517 1674 2556 concordia
1703 2518 1745 2555 et

108 2580 353 2620 christiana
382 2593 488 2632 pace
516 2582 750 2633 compositi
780 2584 900 2629 sunt,
933 2594 1075 2633 nuper
1103 2585 1266 2629 tamen,
1291 2584 1340 2621 ut
1369 2582 1497 2622 multi
1521 2583 1743 2621 testaban—

109 2647 196 2692 tur,
241 2658 403 2697 magna
449 2646 529 2686 Dei
572 2647 854 2698 prouidentia
897 2648 1063 2687 factum
1092 2649 1173 2696 est,
1220 2649 1268 2687 ut
1316 2659 1416 2687 cum
1461 2648 1507 2686 in
1551 2647 1744 2698 quadam

171 2813 190 2832 a
209 2804 372 2838 Emend.
396 2815 444 2837 ex
466 2806 567 2838 sunt.
591 2824 632 2829 —
655 2806 674 2832 b
693 2806 820 2839 Prius
843 2807 1046 2840 conciliati.
1071 2826 1111 2830 --
1135 2815 1150 2834 c
1169 2807 1309 2840 Praec.
1333 2816 1369 2839 v.
1402 2807 1564 2839 obscure
1587 2807 1742 2839 exarat.

109 2857 156 2889 in
188 2867 259 2890 ms.
283 2877 324 2880 —
345 2858 362 2884 d
396 2858 479 2892 Del.
514 2859 716 2900 plures.,—
739 2869 755 2887 e
786 2859 912 2892 Prius
938 2861 1122 2902 princeps.
1157 2879 1197 2883 —
1226 2860 1239 2886 f
1263 2860 1491 2892 uidebantur
1514 2860 1562 2901 (Ξ)
1596 2868 1667 2892 ms.
1704 2877 1745 2882 —

110 2919 130 2946 g
149 2910 211 2944 hic
241 2921 369 2953 supra
392 2921 495 2945 vers.

173 3037 184 3055 1
206 3036 300 3069 vide
322 3046 358 3078 p.
382 3037 434 3070 66.
