2099 3516
498 310 579 347 625.
608 332 649 336 —
678 311 950 349 BELLOMONTE
978 313 1154 350 INEUNTE
1181 325 1289 350 ANNo
1319 315 1410 350 1562
1658 314 1726 350 763

144 440 268 468 amor
295 441 323 480 y
353 427 502 479 gracia
532 440 639 479 para
667 442 723 469 en
753 431 889 471 thodo
918 432 1108 483 cumplir
1137 444 1190 472 su
1229 433 1510 472 sanctissima
1542 433 1770 476 voluntad.

144 493 207 533 De
235 493 410 544 Vurgos
439 505 465 532 a
493 501 511 519 a
546 517 596 521 —
625 495 678 534 de
708 495 849 535 Enero
879 496 931 536 de
963 497 1064 536 1562
1093 500 1216 537 anos.

250 558 300 599 D.
332 558 383 598 V.
417 558 464 598 P.
498 558 646 598 sieruo
676 572 730 599 en
761 560 800 600 el
831 560 983 601 Sefior.

252 623 339 662 Por
366 622 606 663 comission
636 624 706 664 del
737 625 877 664 Padre
907 626 1078 666 Rector.

1436 690 1618 739 DuuuAs
1647 701 1676 750 -Τ
1705 701 1717 723 1

905 933 1016 982 625

511 1073 566 1123 Ρ.
625 1073 990 1125 ioANNEs
1046 1076 1407 1139 QUADRA

570 1222 834 1248 BELLOMONTE
866 1224 1038 1250 INEUNTE
1072 1224 1178 1250 ANNo
1207 1215 1297 1251 1562
1323 1215 1348 1251 ⁴2.

144 1331 262 1372 Socii
291 1332 349 1371 ad
376 1332 640 1382 religiosam
666 1334 980 1382 perfectionem
1010 1335 1294 1374 contendunt.
1327 1357 1377 1361 —
1411 1336 1594 1374 Tirones
1623 1348 1774 1375 recens

247 1398 298 1436 in
327 1396 589 1436 Societatem
619 1398 824 1437 admissi.
866 1421 915 1425 —
946 1399 1089 1438 Solita
1129 1402 1386 1439 ministeria
1421 1401 1699 1440 adhibentur.
1733 1423 1773 1427 —

249 1463 524 1502 Litterariae
540 1464 894 1503 exercitationes.
920 1487 969 1491 —
992 1466 1315 1505 Aeliumentnm
1335 1468 1383 1505 in
1405 1467 1578 1516 negotio
1615 1467 1775 1516 tempo-

248 1528 342 1567 rali
361 1528 628 1578 benefactori
648 1542 696 1568 re
718 1530 994 1580 denegationi,
1014 1532 1269 1580 precatione
1299 1544 1552 1570 concessum
1566 1547 1577 1570 .·
1607 1532 1773 1581 quanto

248 1593 295 1631 icl
324 1594 509 1632 virtutis
537 1595 763 1644 exemplo!
781 1617 831 1621 —
857 1595 1046 1642 Quidam
1071 1598 1273 1645 proximi
1292 1597 1441 1646 famae
1463 1609 1489 1635 a
1514 1609 1560 1635 se
1591 1597 1774 1646 labefac-

252 1658 368 1697 tatae
411 1659 619 1698 consulit.
652 1681 700 1685 —
732 1659 904 1698 Nobilis
935 1661 1006 1698 vir
1040 1661 1097 1699 acl
1127 1661 1286 1699 bonam
1329 1662 1505 1711 frugem
1548 1661 1677 1700 redit.
1724 1683 1774 1687 —

248 1723 303 1762 P.
337 1723 486 1762 Nadal
515 1724 752 1774 collegium
781 1726 954 1764 invisit.
986 1748 1035 1751 —
1067 1725 1184 1765 Socii
1213 1725 1315 1764 bene
1343 1726 1506 1765 valent.

222 1847 251 1897 †
282 1846 370 1886 [hs.
404 1846 657 1887 Admodum
688 1848 946 1888 Reuerende
989 1848 1036 1888 in
1066 1848 1195 1889 Chro.
1230 1849 1372 1889 Pater.
1410 1849 1503 1888 Pax
1541 1848 1659 1889 Chri.
1692 1851 1772 1890 etc.

144 1911 279 1963 [Socii
309 1914 366 1952 ad
394 1914 655 1964 religiosam
683 1916 995 1965 perfectionem
1022 1916 1233 1965 progredi
1263 1914 1565 1966 contendunt]
1595 1914 1658 1966 [Ε]
1681 1926 1774 1954 sco-

143 1976 313 2016 laribus
343 1977 510 2017 nostris
530 1979 618 2017 tres
648 1978 832 2018 admissi
854 1981 958 2018 sunt
989 1979 1034 2018 in
1058 1981 1251 2018 nostram
1284 1978 1561 2027 Societatem,
1584 1991 1774 2030 quorum

142 2043 182 2081 et
232 2042 445 2093 probitas,
476 2045 519 2082 et
565 2055 667 2094 spes
714 2043 882 2094 optima
912 2044 1086 2083 futurae
1133 2044 1399 2084 eruditionis
1437 2056 1541 2095 prae
1589 2044 1774 2083 caeteris

143 2107 334 2146 maxime
363 2109 560 2158 spectata
592 2108 850 2157 uidebatur;
884 2120 1002 2148 nunc
1032 2121 1138 2148 uero
1168 2109 1423 2148 domesticis
1466 2109 1774 2148 functionibus

142 2175 319 2220 uacant,
351 2175 394 2213 et
423 2173 471 2212 in
513 2173 675 2226 officijs
704 2174 1024 2214 humilioribus
1068 2174 1318 2214 incredibili
1349 2174 1487 2214 animi
1528 2174 1771 2222 alacritate,

141 2249 192 2278 ac
220 2238 458 2278 deuotione
487 2241 748 2279 exercentur
777 2241 805 2280 3.
838 2239 1079 2291 [consueta
1108 2242 1367 2279 ministeria
1406 2253 1513 2291 crya
1537 2243 1773 2291 prooeimos

141 2302 296 2355 finnt]
319 2302 582 2343 Scholastici
612 2306 813 2344 nostrum
843 2304 1113 2355 gimnasium
1137 2304 1468 2355 frequentantes
1498 2304 1773 2344 accesionem

204 2470 223 2490 a
242 2462 429 2504 Spatium
451 2472 625 2496 vacuum
648 2463 694 2495 in
717 2472 788 2496 ms.

206 2619 217 2637 ¹
240 2618 333 2651 Vide
356 2628 391 2660 p.
418 2619 488 2651 107.

204 2674 216 2692 Β
238 2672 291 2704 Ex
314 2673 489 2714 originali
514 2673 553 2705 in
576 2673 655 2705 cod.
681 2672 795 2714 Hisp.
820 2673 881 2712 99,
906 2673 929 2705 f.
954 2673 1033 2707 498:
1059 2673 1163 2713 prius
1186 2673 1258 2704 0298.
1278 2672 1341 2704 Est
1364 2672 1466 2704 aliud
1490 2672 1699 2714 exemplum
1723 2673 1773 2705 la-

142 2726 264 2758 tinum
287 2726 327 2758 in
349 2725 373 2758 f.
398 2727 470 2758 458.
496 2726 538 2758 In
561 2728 721 2768 utroque
744 2727 847 2759 deest
870 2727 941 2758 diei
968 2727 1003 2758 et
1027 2726 1166 2758 mensis
1194 2726 1354 2758 notatio:
1384 2725 1447 2757 sed
1482 2734 1565 2757 cum
1598 2726 1774 2767 loquatur

142 2779 186 2811 de
209 2779 247 2812 P.
271 2779 416 2811 Natalis
439 2779 659 2812 visitatione
683 2781 794 2821 (quae
818 2780 977 2812 exeunte
996 2788 1120 2811 mense
1137 2778 1333 2810 Novembri
1352 2779 1425 2810 1561
1448 2778 1579 2811 habita
1602 2780 1674 2819 est)
1693 2780 1772 2812 tan-

142 2841 253 2874 quam
271 2833 315 2865 de
330 2842 369 2865 re
391 2833 558 2874 proxime
584 2834 797 2874 praeterita,
816 2833 1006 2874 colligitur
1028 2833 1172 2864 litteras
1196 2832 1264 2863 has
1288 2832 1441 2864 ineunte
1457 2841 1555 2864 anno
1569 2832 1650 2864 1562
1665 2833 1772 2865 datas

143 2894 237 2918 esse.
262 2885 314 2919 Cf.
339 2887 452 2918 etiam
475 2896 509 2928 p.
534 2887 606 2926 318,
632 2888 759 2919 annot.
784 2887 814 2918 2.

205 2940 217 2958 ³
239 2938 281 2970 In
304 2939 474 2980 catalogo
497 2939 656 2980 collegii,
682 2939 747 2980 qui
771 2939 892 2971 medio
916 2948 1014 2971 anno
1039 2939 1119 2970 1562
1142 2938 1304 2979 scriptus
1338 2937 1498 2977 videtur,
1524 2938 1578 2979 (in
1602 2938 1680 2970 cod.
1711 2937 1773 2971 Το-

143 2991 204 3024 let.
229 2991 309 3032 1221,
334 2991 358 3025 f.
384 2993 460 3031 164;
486 2992 591 3034 prius
616 2993 690 3033 171)
715 2993 956 3024 recensentur
972 2992 1129 3024 Ioannes
1145 2992 1189 3023 de
1205 2991 1350 3035 (Jufiiga
1366 3000 1411 3022 ex
1427 2991 1562 3032 oppido
1579 2991 1770 3032 Escalona,

143 3045 300 3077 Ioannes
323 3046 368 3078 de
391 3046 539 3078 Cuenca
561 3055 606 3078 ex
629 3046 764 3087 oppido
780 3045 983 3085 Belmonte,
1008 3046 1044 3077 et
1067 3045 1196 3077 Petrus
1214 3044 1382 3085 vazquez
1405 3053 1450 3076 ex
1473 3044 1599 3076 eodem
1622 3045 1770 3086 oppido,

143 3098 310 3141 quinque
333 3099 517 3132 mensium
540 3100 694 3132 tirones.
