2099 3516
520 287 600 323 608.
628 309 671 313 —
700 288 841 324 PRAGA
867 287 889 322 ⁸2
916 286 1110 324 IANUARH
1137 286 1227 323 1562
1582 287 1652 323 687

75 406 342 453 telleximus‚
374 405 626 456 lachrymas
656 406 863 446 excussit.
898 406 1025 446 Noua
1053 406 1212 445 deinde
1254 405 1417 451 studia,
1450 416 1569 444 noua
1597 417 1703 456 quo-

75 483 161 522 que
195 473 285 510 tam
328 472 660 521 praeceptorum
700 483 833 521 quam
878 471 1181 511 studiosorum
1224 469 1472 520 diligentia,
1508 470 1627 519 quod
1654 470 1702 517 ,in

75 536 276 587 utrisque
305 535 415 575 satis
444 537 642 585 apparet,
684 536 891 575 inchoata
921 538 1049 583 sunt;
1082 548 1181 575 cum
1213 536 1390 574 nostrae
1420 534 1585 574 classes
1615 535 1702 574 iam

74 603 117 641 et
146 601 297 652 plures
326 602 367 640 et
397 599 620 650 pleniores
649 603 901 641 cernantur.
936 601 1017 640 Hic
1047 612 1128 652 ego
1157 601 1210 640 de
1246 600 1459 639 festorum
1489 611 1539 639 ac
1568 600 1704 639 domi-

75 666 277 706 nicorum
306 665 479 705 dierum
509 665 716 715 oratorijs
747 677 797 704 ac
832 666 1016 716 poeticis
1049 664 1465 712 declamationibus,
1497 665 1550 704 de
1579 665 1703 705 scho-

75 731 245 771 lasticis
273 730 670 782 disputationibus,
694 731 835 781 deque
856 743 974 770 nouo
1004 731 1196 782 quodam
1219 742 1453 781 puerorum
1477 730 1523 769 in
1553 732 1702 777 cantu,

74 798 163 836 tam
199 796 390 848 figurali,
422 807 556 847 quam
599 795 808 845 simplici,
842 797 1037 846 profectu
1083 795 1197 835 nihil
1242 795 1450 841 referam;
1496 795 1704 847 quamuis

75 861 183 900 haec
211 860 362 900 omnia
391 872 482 900 non
512 861 638 911 grata
667 859 831 904 minus,
855 872 989 910 quam
1020 860 1246 899 fructuosa
1267 859 1470 899 bohemis
1494 859 1702 900 existant.

74 925 224 977 Neque
254 937 373 965 nunc
403 925 539 964 uerba
569 924 727 963 faciam
758 924 811 963 de
855 936 974 964 nouo
1009 925 1313 964 studiosorum
1338 923 1381 964 S.
1406 923 1450 964 C.
1473 925 1528 964 M.
1565 925 1705 964 alum-

75 1002 234 1030 norum
263 989 466 1041 collegio,
499 989 546 1028 in
589 1001 678 1039 quo
720 989 771 1028 37
815 989 1045 1028 lectissimi
1092 1001 1365 1041 magnaeque
1395 989 1488 1040 spei
1519 989 1706 1030 iuuenes

75 1056 135 1095 ita
165 1056 403 1107 diligenter
431 1055 625 1106 pietatis,
658 1066 708 1094 ac
738 1054 966 1094 literarum
997 1056 1160 1107 studiis
1192 1058 1523 1106 promouentur,
1547 1057 1595 1095 ut
1615 1058 1704 1095 tam

75 1133 328 1172 pragenses,
360 1132 494 1172 quam
523 1120 721 1174 extranei
754 1122 997 1170 magnates.
1045 1132 1158 1171 quos
1206 1121 1351 1159 bonus
1385 1120 1460 1160 ille
1499 1121 1605 1160 boni
1636 1133 1706 1161 ru-

75 1186 212 1226 moris
255 1185 364 1225 odor
407 1185 568 1232 affecit,
613 1184 746 1231 filios,
793 1185 863 1224 uel
903 1188 1116 1236 cognatos
1159 1197 1320 1236 pueros
1356 1185 1402 1224 in
1432 1185 1545 1225 illud
1575 1186 1705 1226 colle-

75 1251 197 1303 gium
227 1250 574 1323 tradere-modis
602 1249 813 1289 omnibus
842 1250 1127 1290 contendant.
1160 1250 1461 1290 Veruntamen
1491 1251 1706 1291 hactenus

74 1316 283 1368 angustia
325 1315 411 1355 loci
441 1316 606 1355 factum
648 1316 729 1361 est,
762 1317 809 1354 ut
854 1315 982 1354 multi
1018 1315 1240 1366 repulsam
1271 1315 1404 1355 inuiti
1434 1317 1703 1367 paterentur,

73 1381 282 1433 quamuis
311 1393 336 1420 a
366 1380 497 1421 nobis
526 1380 609 1420 hac
638 1391 715 1430 spe
745 1379 1060 1425 discesserunt,
1088 1382 1151 1427 ut,
1175 1381 1355 1432 quando
1376 1380 1517 1420 maior
1546 1381 1706 1421 domus

74 1446 365 1487 commoditas
394 1446 541 1491 fuerit,
573 1445 644 1485 sui
675 1445 769 1485 uoti
799 1448 1024 1496 compotes
1056 1446 1263 1485 euadant.

153 1512 191 1553 5.
222 1511 348 1562 Quod
378 1523 485 1552 uero
514 1513 682 1562 spectat
711 1511 767 1550 ad
801 1510 971 1550 cultum
1015 1511 1237 1558 diuinum,
1270 1513 1538 1562 externaque
1568 1511 1705 1551 chris-

74 1577 221 1617 tianae
237 1576 415 1628 pietatis
435 1588 583 1627 opera,
602 1575 716 1616 illud
737 1576 867 1615 initio
888 1576 1090 1623 dixerim,
1109 1576 1229 1627 quod
1250 1576 1461 1627 templum
1486 1579 1703 1623 nostrum,

74 1642 175 1682 licet
204 1642 405 1682 aedificio
426 1653 517 1681 non
546 1641 831 1692 splendidum
854 1653 933 1680 nec
954 1641 1167 1691 amplum.
1192 1653 1272 1681 nec
1296 1641 1468 1681 aulaeis
1497 1643 1703 1681 ornatum

74 1707 146 1755 sit,
170 1707 217 1746 in
237 1707 332 1747 dies
352 1709 501 1746 tamen
522 1706 665 1758 magis
686 1707 1012 1757 frequentatum
1035 1707 1245 1754 cernitur,
1268 1718 1359 1746 non
1379 1706 1525 1746 solum
1546 1719 1571 1746 a
1591 1719 1707 1746 com-

75 1773 199 1812 muni
229 1773 409 1824 populo,
433 1784 589 1812 uerum
619 1772 752 1811 etiam
774 1784 799 1811 a
820 1772 1069 1822 magnificis
1095 1784 1144 1811 ac
1171 1772 1399 1812 nobilibus
1428 1772 1703 1820 hominibus,

74 1850 187 1889 quos
216 1837 377 1889 partim
407 1837 552 1877 diuini
582 1837 730 1877 cultus
768 1837 962 1879 deuotio,
1004 1837 1247 1888 suauisque
1286 1837 1502 1877 melodiae
1531 1839 1704 1885 cantus,

74 1903 235 1954 partim
256 1903 336 1942 Dei
357 1903 542 1942 uerbum
565 1903 652 1942 huc
672 1902 867 1942 attrahit.
890 1902 1001 1942 Sunt
1025 1902 1138 1941 inter
1159 1914 1234 1942 eos
1254 1902 1479 1950 nonnulli,
1502 1903 1579 1954 qui
1601 1905 1707 1943 tem-

75 1968 196 2019 plum
220 1980 309 2007 non
337 1968 466 2007 modo
497 1968 794 2019 frequentant,
818 1967 896 2006 sed
916 1967 1045 2006 etiam
1071 1967 1332 2019 imaginum.
1361 1979 1587 2008 sacrarum
1608 1980 1707 2008 ues-

73 2033 201 2080 tium,
215 2034 258 2073 et
274 2033 563 2084 pecuniarum
584 2033 784 2084 donarijS
806 2033 1047 2083 plurimum
1069 2035 1298 2073 exornant.
1322 2033 1448 2081 Nam,
1467 2035 1517 2073 ut
1537 2033 1589 2073 de
1611 2046 1707 2084 pra-

74 2099 288 2150 gensibus
317 2110 367 2138 ac
396 2110 503 2138 sane
533 2098 621 2150 pijS
649 2098 864 2137 matronis
896 2101 1079 2145 taceam,
1112 2099 1244 2137 etiam
1276 2098 1481 2138 homines
1510 2099 1707 2138 extranei

74 2175 398 2215 nonnunquam
428 2163 622 2203 offerunt
641 2175 691 2203 ac
712 2163 966 2215 largiuntur
986 2164 1150 2214 templo
1172 2165 1324 2203 nostro
1345 2175 1472 2203 sacra
1501 2176 1701 2204 munera.

74 2228 285 2279 Exemplo
315 2231 381 2268 est
401 2230 653 2280 augustana
674 2228 891 2279 quaedam
914 2230 956 2268 et
978 2228 1213 2280 magnifica
1234 2228 1415 2268 domina
1445 2229 1644 2280 Fuggera
1675 2231 1703 2277 1,

74 2305 187 2345 quae
216 2294 332 2333 inter
360 2293 488 2341 alios,
521 2294 640 2333 hunc
669 2293 805 2333 etiam
836 2294 1027 2333 fructum
1059 2305 1081 2333 e
1111 2293 1402 2333 concionibus
1432 2294 1484 2334 R.
1518 2294 1566 2333 P.
1599 2294 1707 2333 Pro-

77 2358 283 2399 uincialis
313 2361 561 2410 reportasse
590 2359 783 2406 uidetur,
816 2361 865 2399 ut
894 2371 993 2399 cum
1025 2359 1128 2410 aliis
1157 2359 1205 2398 in
1234 2359 1472 2399 Germania
1505 2359 1706 2411 collegijS

74 2424 256 2472 nostris,
288 2427 382 2465 tum
412 2424 517 2464 huic
546 2425 753 2476 pragensi
784 2426 931 2465 uestes
956 2436 1119 2465 sacras.
1152 2427 1192 2464 et
1235 2425 1414 2476 quidem
1449 2424 1707 2476 praeciosis-

74 2489 226 2536 simas,
258 2490 314 2529 ad
345 2490 642 2541 peragendum
675 2490 838 2530 missae
867 2490 1134 2530 sacrificium
1165 2492 1443 2541 comparatas
1472 2502 1614 2542 nuper
1641 2490 1707 2530 di-

74 2555 255 2595 cauerit.
288 2555 414 2595 Vnde
444 2556 505 2603 fit,
537 2557 583 2595 ut
616 2556 947 2607 quantumlibet
981 2556 1166 2605 humile,
1200 2558 1441 2604 uetustum,
1474 2558 1516 2596 et
1544 2557 1708 2608 collap-

74 2633 173 2660 sum
204 2621 262 2661 sit
291 2621 521 2672 templum,
553 2621 725 2661 decenti
756 2623 919 2670 tamen,
951 2621 1060 2672 quin
1092 2622 1326 2672 splendido
1355 2621 1515 2669 dicam,
1546 2624 1706 2662 ornatu

75 2698 166 2726 non
195 2688 354 2726 careat.
388 2686 570 2726 Accedit
598 2687 687 2726 huc
716 2698 878 2733 nouus,
911 2687 1027 2738 pius,
1060 2699 1109 2726 ac
1145 2687 1374 2737 popularis
1408 2687 1610 2726 tradendi
1639 2699 1706 2727 ca-

76 2751 279 2791 techismi
310 2752 484 2800 modus,
516 2763 604 2803 quo
635 2763 724 2791 non
756 2751 906 2791 minus
940 2752 1192 2792 auditorum
1237 2752 1431 2801 deuotio,
1464 2763 1596 2802 quam
1627 2764 1707 2792 nu-

76 2828 224 2856 merus
253 2816 447 2856 creuisse
479 2817 668 2856 uidetur.
704 2817 767 2856 Ac
797 2829 886 2868 quo
916 2817 1093 2863 rectius,
1126 2817 1228 2868 quis
1258 2817 1332 2856 ille
1367 2817 1425 2856 sit
1456 2817 1613 2857 modus
1642 2818 1707 2857 in-

77 2881 316 2933 telligatur,
363 2881 600 2921 dominicis
644 2881 817 2929 diebus,
849 2884 1086 2934 postquam
1132 2883 1178 2921 in
1222 2882 1386 2932 templo
1429 2882 1706 2933 vespertinae

138 3025 148 3041 ¹
171 3022 328 3055 Videtur
364 3023 523 3055 indicari
558 3022 695 3055 Ursula
733 3023 777 3056 de
812 3023 1080 3063 Lichtenstein,
1131 3024 1279 3065 Georgii
1315 3024 1471 3065 Fuggeri
1505 3032 1612 3057 uxor.
1652 3024 1704 3057 Cf.

76 3076 392 3109 BRAUNSBERGER:
418 3077 462 3110 Β.
488 3076 598 3109 Petri
625 3076 784 3109 &anisii
814 3077 939 3119 Epist.
965 3078 1027 3117 III,
1052 3078 1124 3111 653.
