2099 3516
396 261 467 298 580
874 261 1078 298 LITTERAE
1106 261 1449 306 QUADRIMESTRES

350 380 421 420 die
449 387 468 406 ὃ
497 379 713 428 imminet,
745 379 1022 418 mediocriter
1066 378 1281 417 instructa
1327 379 1458 428 atque
1506 376 1738 416 moenibus
1782 374 1966 423 munita,

351 445 462 484 mira
490 444 601 484 coeli
630 443 877 494 temperies,
910 455 1013 494 ager
1043 442 1151 489 vini,
1184 441 1393 481 frumenti
1423 443 1554 492 atque
1588 441 1776 480 aliarum
1823 451 1969 479 rerum

350 521 463 561 quae
492 509 547 549 ad
576 520 703 548 Vsum
734 509 850 547 vitae
879 519 1156 547 communem
1187 508 1401 557 spectant,
1434 506 1747 545 feracissimus.
1771 504 1970 555 Populus

350 574 426 625 qui
457 574 503 613 in
532 573 712 613 ciuitate
741 575 807 612 est
828 573 996 623 lingua,
1021 572 1234 619 moribus,
1257 573 1298 610 et
1319 571 1437 621 quod
1458 570 1657 609 omnium
1674 569 1969 609 miserrimum

351 640 430 687 est,
463 638 676 689 religione
706 638 821 676 inter
850 649 895 677 se
924 637 1157 687 discrepat.
1206 635 1406 686 Hungari
1458 635 1742 675 multitudine
1788 633 1972 673 caeteris

351 704 544 754 potiores
572 704 691 749 sunt,
724 703 912 753 proximi
943 702 1108 749 Sclaui,
1140 702 1215 740 sed
1247 701 1419 751 Vtrique
1448 701 1646 740 aduenae
1675 702 1806 751 atque
1835 710 1858 738 e
1877 698 1972 738 suis

351 768 532 808 sedibus
561 779 586 807 a
615 767 755 806 Turca
803 779 944 817 nuper
990 766 1188 817 expulsi;
1238 765 1446 806 Germani
1495 777 1678 805 numero
1725 763 1970 816 pauciores,

351 833 573 885 principes
601 834 706 871 sunt
735 831 781 870 in
811 831 1050 882 republica.
1073 831 1276 881 Plerique
1297 830 1351 870 ad
1373 842 1461 869 rem
1484 830 1684 869 diuinam
1706 841 1795 868 non
1815 839 1972 879 parum

352 899 510 937 natura
540 896 746 947 propensi
777 898 895 943 sunt,
927 896 1003 935 sed
1033 895 1109 946 qui
1142 898 1325 934 naturae
1355 895 1597 934 bonitatem
1641 894 1869 941 adiuuent,
1901 893 1973 932 de-

352 961 617 1001 siderantur.
668 960 991 1000 Canonicorum
1050 960 1227 1010 quidem
1280 959 1464 1010 capituli
1521 958 1832 1010 strigoniensis
1887 957 1974 997 huc

352 1025 570 1073 translati,
602 1037 652 1064 ac
681 1025 957 1064 sacerdotum
988 1037 1074 1064 non
1106 1025 1294 1076 exiguus
1323 1027 1388 1064 est
1418 1036 1644 1070 numerus,
1695 1024 1771 1063 sed
1806 1023 1852 1062 hi
1882 1022 1974 1073 ple-

354 1102 539 1142 rumque
569 1090 679 1129 tales
709 1092 828 1138 sunt,
864 1092 907 1129 vt
936 1090 978 1128 in
1012 1092 1134 1129 tanta
1183 1089 1415 1129 hominurn
1463 1089 1721 1129 diuersitate
1768 1088 1869 1139 plus
1898 1099 1975 1126 no-

353 1158 480 1195 ceant
509 1155 708 1205 exemplo
739 1155 869 1201 vitae,
902 1166 1033 1204 quam
1065 1155 1267 1194 doctrina
1296 1154 1503 1205 prodesse
1533 1154 1694 1205 posint.
1728 1153 1859 1193 Venit
1888 1163 1975 1191 vna

353 1220 584 1260 nobiscum
620 1220 670 1258 R.
705 1220 751 1258 P.
782 1220 976 1259 Joannes
997 1231 1021 1258 a
1042 1219 1252 1266 Victoria,
1275 1219 1435 1269 partim
1477 1219 1640 1258 missus
1678 1219 1733 1258 ad
1755 1217 1973 1269 synodum

354 1285 667 1325 sacerdotalem
699 1296 723 1323 a
753 1296 955 1324 caesarea
986 1284 1058 1332 M„
1111 1284 1266 1334 partim
1299 1283 1395 1323 ΒΑΜ
1424 1283 1744 1334 archiepiscopi
1774 1285 1787 1307 ¹
1820 1283 1975 1334 rogatu

354 1350 409 1389 ad
439 1349 622 1389 eandem
670 1349 889 1400 synodum
938 1349 1071 1398 (hanc
1100 1349 1215 1388 enim
1250 1348 1373 1388 R.¹¹¹1¹S
1403 1348 1683 1399 celebrabat),
1716 1347 1874 1399 partim
1905 1347 1976 1386 de-

355 1414 489 1466 nique
518 1414 691 1465 collegij
723 1414 859 1453 huius
890 1413 1045 1464 gratia,
1079 1416 1123 1452 vt
1152 1413 1331 1452 initium
1361 1413 1541 1464 aliquod
1572 1414 1738 1452 bonum
1767 1414 1972 1453 sumeret.

356 1479 407 1518 In
436 1479 606 1530 synodo
636 1480 736 1529 post
766 1479 1003 1518 multorum
1035 1478 1378 1517 declamationes
1409 1477 1610 1528 publicas
1654 1479 1882 1528 praesente
1910 1489 1976 1516 ar-

355 1543 633 1594 chipraesule
664 1543 802 1582 latino
832 1555 1033 1582 sermone
1063 1543 1215 1589 factas,
1248 1543 1298 1582 R.
1334 1543 1380 1581 P.
1414 1542 1621 1590 Victoria,
1653 1542 1716 1582 sic
1749 1544 1976 1593 expetente

356 1609 479 1657 R.¹¹10,
511 1620 617 1648 suas
646 1620 821 1659 quoque
850 1608 1180 1647 exhortationes
1209 1608 1263 1646 ad
1295 1608 1552 1647 vniuersum
1600 1607 1799 1647 ordinem
1833 1619 1976 1647 sacer-

356 1674 545 1713 dotalem
577 1673 747 1720 habuit,
779 1673 942 1724 quibus
972 1673 1180 1711 omnibus
1211 1673 1372 1711 factum
1394 1675 1459 1711 est
1482 1674 1524 1711 vt
1544 1672 1729 1711 antistes
1751 1674 1978 1723 praesente

358 1739 486 1778 Patre
516 1740 556 1778 et
586 1738 702 1789 aliis,
735 1750 910 1777 omnem
958 1738 1123 1777 clerum
1171 1738 1224 1777 ad
1273 1749 1319 1777 se
1365 1738 1601 1786 vocauerit‚
1633 1749 1802 1777 errores
1831 1737 1978 1777 varios

358 1803 576 1852 abiurare,
608 1803 967 1853 concubinasque
996 1814 1122 1853 quas,
1155 1802 1352 1853 inquam,
1385 1803 1450 1842 illi
1484 1814 1638 1842 vxores
1667 1814 1772 1842 suas
1792 1803 1976 1842 arbitra-

358 1869 533 1915 bantur,
566 1867 814 1918 relinquere
844 1868 1120 1918 compulerit,
1154 1869 1406 1907 recusantes
1436 1867 1582 1907 officio
1616 1868 1749 1907 simul
1780 1869 1822 1907 et
1850 1868 1979 1907 bene—

359 1932 457 1972 ficio
488 1933 663 1983 priuare
693 1934 914 1971 statuens:
944 1933 1098 1983 jurant
1127 1944 1279 1972 omnes
1309 1935 1481 1983 praeter
1511 1945 1646 1972 vnum
1676 1933 1753 1984 qui
1774 1933 1940 1985 Brentij
1962 1935 1976 1957 2

358 1999 399 2037 ct
428 1997 615 2037 aliorum
648 1997 820 2036 insanis
849 1997 1133 2048 dogmatibus
1165 1999 1339 2036 venerat
1388 1997 1645 2037 instructus
1679 1997 1807 2037 Hunc
1835 2000 1979 2038 custo-

359 2062 457 2101 diae
506 2062 763 2101 mandatum
811 2062 975 2112 diuque
1022 2062 1322 2101 examinatum
1372 2062 1739 2113 instructumque,
1789 2063 1892 2102 dum
1923 2063 1978 2102 ad

359 2139 512 2166 sanam
543 2126 684 2166 redire
715 2128 903 2165 mentem
935 2127 1086 2174 nollet,
1132 2127 1427 2166 ecclesiastica
1476 2127 1706 2178 dignitate,
1756 2130 1979 2179 spectante

358 2192 479 2232 omni
509 2192 689 2243 populo,
724 2192 962 2242 priuatum,
994 2194 1205 2242 perpetuo
1235 2192 1406 2231 exulem
1438 2192 1630 2240 dimisit;
1680 2204 1810 2243 quem
1858 2195 1980 2233 extra

359 2259 530 2307 portam
560 2256 706 2296 statim
739 2256 919 2307 quidam
950 2256 1158 2295 haeretici
1188 2268 1335 2303 curru,
1379 2257 1578 2308 pecunijs
1607 2269 1656 2297 ac
1688 2257 1885 2298 vestibus
1913 2270 1980 2297 or-

360 2324 512 2361 natum
542 2321 836 2367 abduxerunt,
868 2332 1073 2371 nuncque
1103 2321 1146 2360 in
1178 2321 1281 2360 aula
1312 2322 1524 2372 principis
1553 2322 1750 2362 ciusdam
1782 2323 1979 2374 germani

360 2399 438 2438 pro
468 2389 659 2437 martyre
689 2386 889 2425 habetur.

465 2452 501 2492 2.
534 2451 601 2491 Ad
631 2450 863 2501 collegium
898 2450 1040 2489 venio.
1074 2451 1241 2490 Domus
1270 2463 1402 2502 quam
1433 2452 1487 2491 ad
1517 2452 1809 2492 extruendum
1852 2453 1980 2492 colle-

361 2516 481 2566 gium
515 2516 637 2554 Rstfflff‘
668 2515 795 2554 nobis
830 2514 1018 2560 curauit,
1050 2515 1267 2553 sexcentis
1297 2515 1460 2555 daleris
1488 2518 1634 2567 empta
1662 2528 1712 2556 ac
1732 2517 1878 2556 soluta
1897 2519 1976 2557 est.

360 2580 582 2620 Ducentos
602 2580 653 2619 R.
674 2579 850 2618 Domini
872 2579 1138 2629 capitulares
1168 2579 1213 2618 in
1234 2579 1330 2619 eius
1350 2580 1615 2620 solutionem
1638 2581 1809 2620 liberali
1831 2581 1980 2621 animo

423 2800 441 2817 a
462 2791 538 2822 Pro
561 2790 727 2832 quotidie
750 2789 914 2830 scripsit
935 2789 980 2821 in
1002 2798 1129 2829 ‘mai-9.
1149 2789 1190 2821 P.
1210 2790 1375 2822 Rethius
1397 2791 1558 2824 assidue.

424 2976 434 2993 ¹
495 2975 501 2981 '
602 3000 608 3006 .
730 2973 806 3005 508.

425 3030 436 3046 2
457 2974 615 3059 Εὲἓηὲε
633 2974 831 3061 5Βξ).5’Βι·θῐιΖ,
857 3034 993 3057 suevus
1016 3025 1223 3066 (1498-1570)
1246 3026 1399 3059 celebris
1423 3028 1697 3061 Luthcranismi
1721 3029 1874 3063 assecla.
