2099 3516
487 290 568 326 617.
596 311 637 316 -
666 289 850 326 NEAPOLI
877 290 921 326 15
948 290 1140 326 IANUARH
1168 289 1258 326 1562
1568 288 1636 324 7027

137 407 200 447 18.
233 407 417 447 Muchos
445 408 498 447 de
528 408 594 448 los
624 420 709 460 que
738 420 820 448 nos
850 409 998 448 tienen
1028 420 1166 456 amor,
1198 407 1322 448 estan
1361 419 1467 458 muy
1496 407 1681 457 alegres‚

55 473 217 513 viendo
247 473 314 512 las
342 483 469 512 cosas
498 473 551 512 de
580 473 623 512 13
653 473 827 524 Comp.‹'²
862 486 948 513 van
977 474 1153 524 sienpre
1191 472 1295 524 aqui
1338 484 1393 512 en
1427 474 1682 522 augmento,

54 550 82 590 y
111 549 297 589 esperan
326 548 411 589 que
441 537 539 577 sera
567 538 756 589 siempre
786 551 950 590 mayor.
986 539 1194 591 [Precum
1217 536 1499 590 postulatio]
1522 536 1584 576 De
1606 535 1685 590 Ga-

53 614 214 654 ragoca
244 602 292 642 12
321 602 374 641 de
404 602 578 641 Henero
610 603 725 643 1562.
758 604 808 642 Ι).
842 604 892 644 V.
928 603 1019 643 P.³‘¹
1060 603 1153 655 hijo
1182 615 1209 654 y
1243 603 1389 642 sieruo
1409 601 1609 653 yndigno
1629 612 1685 640 en

55 668 94 708 el
124 667 223 708 S.⁰r.
255 668 342 707 Por
369 667 655 707 commission
686 668 756 707 del
787 669 856 708 ΡΞ·
887 657 1077 708 maestro
1108 667 1295 715 Roman,
1328 667 1486 706 Rcctor
1506 673 1538 706 a.

1052 756 1296 796 BERNARDO
1326 754 1517 796 CRESPI'N
1547 756 1576 794 ¹.

822 959 920 1007 617

480 1098 832 1148 PETRUS
894 1099 1258 1149 BLANCA

552 1247 728 1273 NEAPOLI
756 1237 799 1273 15
826 1248 1015 1273 IANUARII
1044 1237 1135 1273 1562
1159 1237 1184 1273 2.

55 1363 92 1397 1.
123 1357 358 1398 Sociorum
378 1370 596 1397 numerus
625 1358 664 1396 et
694 1359 979 1396 mutationes.
1003 1359 1231 1407 Religiosa
1254 1357 1495 1407 disciplina
1525 1356 1686 1395 adhor-

163 1424 407 1463 tationibus
435 1424 594 1462 Patris
623 1424 809 1462 rectoris
839 1424 877 1462 et
907 1424 1062 1462 Patris
1092 1423 1391 1462 Ribacleneira
1419 1422 1609 1472 fovetur.
1634 1443 1686 1448 —

163 1493 204 1528 2.
234 1490 452 1540 Eaeempla
494 1489 679 1528 demissi
723 1491 867 1527 (zizimi
902 1489 952 1527 ab
987 1489 1168 1527 emerito
1212 1489 1379 1527 rectore
1409 1488 1530 1526 data.
1562 1509 1613 1513 —
1643 1491 1685 1525 3.

162 1556 288 1594 Mors
317 1556 375 1605 fr.
408 1555 622 1593 Ioachini.
654 1555 747 1592 Pro
782 1566 828 1592 eo
863 1555 1026 1604 septeni
1071 1555 1238 1593 tirones
1282 1553 1602 1592 admittuntur.
1635 1574 1685 1579 —

160 1624 255 1659 4-5.
286 1618 582 1659 Scholasticae
598 1621 948 1667 exercitationes,
973 1621 1064 1658 tam
1084 1620 1358 1666 nostrorum,
1383 1631 1518 1668 quam
1547 1618 1687 1657 exter-

162 1698 328 1725 norum
358 1686 667 1724 alumnorum.
699 1686 768 1723 Ex
799 1697 991 1734 quorum
1022 1685 1133 1723 bona
1162 1685 1422 1723 educatione
1452 1683 1687 1723 Societatis

162 1751 438 1790 existimatio
464 1752 511 1789 in
543 1751 635 1789 dies
661 1751 829 1790 crescit.
862 1773 913 1777 —
942 1754 983 1788 6.
1014 1750 1276 1788 Ministeria
1304 1761 1412 1799 erga
1439 1750 1684 1799 proximos.

162 1816 324 1855 Multis
352 1816 497 1854 modis
526 1817 566 1854 et
595 1817 739 1854 variis
768 1817 817 1854 in
847 1816 952 1854 Iocis
974 1816 1224 1854 christiana
1255 1815 1460 1853 doctrina
1490 1814 1684 1853 docetur.

162 1903 213 1908 -
245 1885 335 1920 7-9.
363 1882 563 1920 Fructus
579 1882 794 1931 exemplis
811 1881 1162 1919 demonstratur.
1181 1902 1232 1906 —
1248 1883 1318 1919 10.
1340 1880 1507 1930 Templi
1538 1879 1688 1929 aedifi-

164 1948 278 1986 catio
306 1947 533 1997 paulatim
558 1947 805 1997 perficitur.
837 1970 887 1972 —
906 1951 970 1985 11.
1001 1947 1248 1985 Procerum
1277 1947 1317 1985 et
1331 1946 1491 1996 populi
1512 1945 1688 1984 benevo-

165 2013 304 2051 lentia
328 2025 419 2051 non
449 2012 725 2051 obstantibus
746 2013 880 2062 falsis
901 2012 1161 2051 rumoribus
1183 2012 1339 2050 contra
1368 2012 1554 2051 Patrem
1585 2010 1687 2050 Sal-

164 2077 318 2116 meron
347 2079 538 2127 sparsis.
571 2078 697 2116 Nova
727 2078 915 2127 collegia
939 2077 1250 2127 postulantur.

140 2201 175 2241 1.
205 2201 235 2252 -1-
264 2200 354 2240 Ihs.
387 2201 522 2241 Molto
553 2200 650 2241 R.d0
680 2200 728 2240 in
758 2200 933 2241 Christo
965 2200 1118 2239 Padre.
1152 2200 1243 2239 Pax
1274 2199 1438 2240 Christi
1460 2201 1538 2239 etc.
1566 2199 1687 2252 [Bre-

59 2267 173 2305 viter
200 2264 388 2317 scribet.]
422 2266 470 2304 In
501 2267 658 2317 questo
687 2265 875 2316 collegio
905 2265 1046 2304 siamo
1067 2264 1141 2304 402:
1165 2276 1281 2303 noue
1302 2264 1407 2304 delli
1429 2264 1551 2315 quali
1577 2276 1688 2304 sono

58 2330 275 2370 sacerdoti
306 2332 349 2370 et
377 2330 406 2370 l'
421 2330 523 2370 altri
566 2330 744 2370 fratelli.
777 2329 892 2369 Nelli
936 2330 1059 2381 quali
1102 2329 1331 2369 essendosi
1366 2329 1512 2381 questi
1542 2329 1687 2381 giomi

59 2395 168 2435 satta
199 2395 335 2435 molta
378 2396 638 2443 mutatione,
670 2407 910 2435 occorrono
940 2395 1132 2435 scriuere
1161 2395 1214 2434 de
1243 2397 1399 2446 questa
1428 2406 1519 2434 non
1547 2394 1688 2446 poche

121 2562 140 2582 a
159 2554 286 2587 Prius
308 2554 433 2588 Retor.

123 2705 133 2723 ²
157 2703 198 2736 In
221 2704 391 2746 catalogo
414 2705 496 2738 coll.
521 2706 869 2747 caesaraugustani,
894 2705 960 2747 qui
984 2705 1147 2746 scriptus
1170 2705 1320 2737 videtur
1342 2704 1440 2736 circa
1466 2703 1575 2736 finem
1598 2704 1689 2737 anni

61 2757 152 2797 1561,
177 2757 221 2790 de
245 2766 287 2790 eo
310 2757 465 2790 dicitur:
494 2771 510 2786 «
533 2758 574 2790 El
597 2758 677 2791 hro.
703 2758 892 2791 Bernardo
925 2758 1079 2800 Crespin
1112 2758 1262 2790 natural
1295 2757 1339 2790 de
1366 2757 1550 2797 MalIorca,
1586 2757 1630 2790 de
1652 2757 1689 2790 la

60 2811 192 2842 misma
215 2811 362 2851 ciudad,
387 2811 432 2843 de
455 2811 547 2844 edad
571 2811 616 2844 (10
638 2812 679 2844 20
701 2814 805 2847 asios,
830 2822 853 2853 y
876 2812 920 2844 de
944 2812 1145 2853 Compafiia
1172 2811 1272 2843 tiene
1298 2812 1392 2849 tres;
1418 2810 1466 2843 ha
1490 2811 1584 2852 oydo
1607 2811 1689 2844 lati-

60 2863 174 2896 nidad
195 2873 219 2905 y
241 2864 460 2904 Re1h6rica;
485 2873 554 2905 oye
577 2873 666 2896 aora
692 2864 942 2907 philosophia.
968 2865 1075 2898 Suele
1109 2866 1213 2896 tener
1245 2864 1384 2905 alguna
1418 2863 1689 2906 indisposicion

60 2917 118 2949 del
140 2917 269 2958 pecho,
293 2927 316 2959 y
340 2927 379 2950 es
402 2917 486 2960 algo
509 2918 601 2950 flaco
625 2918 669 2950 de
692 2918 860 2960 subJecto
883 2932 913 2951 ».
942 2918 1028 2951 Cod.
1053 2918 1229 2959 Arayon„
1255 2918 1312 2953 15,
1338 2917 1361 2950 f.
1387 2918 1459 2950 78v.

122 2972 135 2990 ²
156 2970 210 3003 Ex
243 2971 378 3013 origin.
403 2971 443 3003 in
477 2972 555 3004 cod.
580 2970 705 3013 Neap.
731 2972 815 3011 193,
840 2971 876 3004 ff.
901 2973 1014 3008 63—66:
1050 2972 1154 3013 prius
1190 2971 1336 3004 171-174.
1362 2971 1591 3004 praecedunt
1614 2971 1688 3004 duo

60 3022 135 3055 alia
156 3024 324 3065 exempla
339 3025 379 3056 in
394 3023 431 3057 ff.
449 3024 562 3060 58-60:
580 3025 687 3057 61-62.
706 3024 916 3058 Secundum
934 3025 1084 3058 HANSEN
1102 3026 1151 3066 (p.
1170 3025 1246 3065 766)
1263 3025 1320 3056 est
1336 3033 1462 3066 apogr.
1480 3025 1520 3057 in
1543 3024 1685 3058 archiv.

61 3076 244 3111 colonien.
