2099 3516
427 262 497 299 6224
900 262 1104 300 LITTERAE
1130 263 1474 308 QUADmMEs'rREs

381 392 507 420 cosas
549 381 733 420 muchas
761 393 846 432 que
876 381 988 420 seria
1019 382 1141 432 largo
1185 381 1384 420 dezirlas.
1422 380 1525 419 Esta
1568 380 1664 419 sola
1706 379 1799 420 dire
1828 381 1881 420 de
1912 393 1997 420 vno

380 457 465 496 que
497 445 704 485 viniendo
733 458 758 484 a
787 448 879 485 esta
909 446 1067 485 ciudad
1098 445 1232 496 daqui
1262 445 1451 495 algunas
1479 444 1531 483 50
1556 444 1726 495 leguas,
1758 456 1839 484 nos
1867 446 1997 485 truxo

382 522 469 549 una
498 510 688 550 limosna
717 510 769 550 de
800 510 932 550 fruita
974 510 1180 561 daquella
1210 510 1355 556 tierra,
1401 520 1486 559 que
1518 508 1685 548 valdria
1708 510 1755 548 15
1784 510 1994 550 ducados.

381 575 464 614 Era
494 586 598 625 para
628 575 783 625 holgar
812 575 864 614 (16
896 587 968 614 ver
997 575 1037 614 la
1068 573 1282 623 deuocion
1314 573 1383 612 del
1406 574 1521 612 buen
1552 573 1680 624 viejo,
1712 585 1797 624 que
1827 574 1998 624 parecia

380 651 465 691 que
493 651 539 679 se
569 640 827 691 regocejaua
870 651 924 678 en
954 652 1038 690 que
1068 651 1121 678 en
1151 651 1251 678 casa
1282 650 1328 677 se
1360 638 1399 677 le
1428 640 1678 689 acceptasse
1707 650 1759 677 su
1789 638 1994 680 limosna.

380 703 567 744 Nuestro
597 704 735 744 561101Ἰ
763 716 809 744 se
840 705 880 743 la
913 716 1070 755 page...
1105 706 1131 742 1.

485 768 617 808 Desta
646 780 748 808 casa
777 769 829 807 de
859 771 983 807 sanct
1018 769 1169 818 Roque
1199 768 1251 807 de
1282 767 1489 814 Lisbona,
1512 779 1566 818 oy
1591 768 1639 806 31
1663 767 1716 807 de
1746 767 1998 809 Deziembre

380 833 433 872 de
464 832 565 871 1562
593 834 622 872 2.

486 897 572 936 Por
599 896 839 937 comission
869 897 938 936 del
971 897 1016 936 P.
1050 897 1122 936 Dr.
1157 896 1328 935 Torres.
1390 930 1393 933 .

486 961 590 1013 Hijo
620 962 804 1013 indigno
834 961 886 1000 de
917 962 966 1000 V.
1001 962 1047 1001 P.
1705 1014 1735 1064 †

1543 1067 1664 1106 Pano
1695 1066 1836 1106 Lopssz
1858 1068 1888 1106 ³.

485 1135 519 1173 A
553 1135 687 1184 tergo.
724 1133 785 1172 De
828 1133 870 1172 la
912 1144 1013 1171 casa
1056 1132 1109 1171 de
1151 1144 1232 1171 san
1280 1132 1433 1182 Roque
1462 1144 1488 1182 y
1518 1131 1704 1182 collegio
1748 1131 1802 1171 de
1844 1133 1997 1171 sancto

380 1197 544 1238 Anton.
578 1198 689 1237 Para
718 1198 759 1237 la
792 1197 1019 1248 prouincia
1049 1197 1101 1235 de
1131 1196 1328 1236 Castilla.

1133 1407 1244 1456 596

837 1536 1187 1586 PETRUS
1260 1535 1552 1585 LOPEZ

838 1672 1046 1697 OLISIPONE
1073 1662 1110 1696 31
1144 1671 1369 1697 DECEMBms
1398 1661 1483 1696 1561
1512 1662 1537 1697 4.

377 1775 415 1809 1.
446 1770 677 1810 Sociorum
707 1770 880 1819 collegii
899 1782 1117 1808 numerus
1146 1771 1185 1808 et
1227 1769 1447 1808 valetudo.
1481 1791 1530 1795 —
1561 1773 1602 1807 2.
1625 1769 1897 1820 Spiritualia
1917 1770 1997 1808 mi-

484 1836 675 1874 nisteria
690 1847 797 1885 crya
836 1836 1097 1884 proximos:
1131 1835 1319 1883 fructus.
1354 1856 1399 1859 —
1433 1838 1525 1872 3-6.
1556 1833 1819 1873 Scholarum
1836 1834 1996 1873 status.

484 1900 632 1938 Mores
675 1900 831 1949 optimi
873 1899 1211 1949 discipulorum.
1266 1899 1513 1937 Litteraria
1568 1899 1792 1937 exercitia.
1839 1899 1997 1937 Ludus

483 1977 633 2003 coram
663 1977 761 2014 rege
792 1965 830 2003 et
858 1964 1136 2014 principibus
1158 1965 1296 2002 actus.
1331 1986 1378 1989 —
1411 1967 1451 2002 7.
1484 1964 1678 2002 Latinus
1698 1959 1842 2012 sermo
1878 1963 1998 2002 domi

483 2031 746 2068 communis.
767 2029 981 2078 Princeps
1001 2029 1208 2075 Ioannes,
1228 2029 1495 2067 ceilanensis
1517 2029 1664 2078 reguli
1692 2028 1828 2077 filius,
1850 2028 1998 2066 indole

484 2096 674 2145 eyreyia.
705 2116 754 2120 —
785 2098 875 2132 8-9.
914 2094 1034 2131 Unus
1064 2106 1084 2131 e
1127 2094 1296 2132 nostris
1338 2094 1560 2142 furentem
1601 2094 1824 2131 hominem
1858 2105 1997 2131 manu

484 2161 523 2198 et
548 2161 591 2198 vi
612 2160 832 2206 continet;
861 2159 1054 2197 alterum
1079 2171 1219 2208 paene
1249 2159 1532 2208 desperatum
1554 2158 1611 2197 ad
1627 2170 1779 2208 pacem
1809 2159 1995 2197 revocat.

441 2295 448 2312 ¹
474 2293 689 2334 Sequuntur
711 2293 837 2334 aliqua
860 2293 903 2324 de
926 2292 1080 2333 collegio
1103 2292 1170 2324 Sti.
1195 2293 1348 2324 Antonii
1387 2293 1649 2334 olisiponensi3
1684 2291 1747 2324 sed
1784 2292 1874 2333 quia
1907 2291 1997 2323 haec

378 2347 510 2379 melius
533 2346 768 2387 explicantur
790 2346 829 2377 in
852 2345 1024 2386 epistula,
1048 2354 1143 2386 quae
1167 2345 1420 2386 subsequitur,
1438 2355 1481 2378 ea
1504 2345 1565 2377 hic
1581 2345 1786 2377 omittenda
1807 2344 1995 2376 duximus.

441 2400 453 2418 Β
476 2398 568 2431 Vide
591 2408 625 2440 p.
649 2398 722 2437 616,
747 2398 873 2429 annot.
900 2399 928 2429 1.

445 2455 457 2471 ³
481 2451 522 2483 In
546 2451 725 2492 catalogis
749 2450 925 2483 lusitanis
960 2450 1062 2482 illius
1086 2451 1262 2491 temporis
1297 2452 1345 2491 (v.
1371 2460 1401 2483 6.
1427 2451 1466 2482 in
1500 2451 1608 2483 catal.
1632 2450 1735 2482 brevi
1769 2450 1886 2482 totius
1909 2449 1993 2481 Pro-

378 2505 523 2537 vinciae
546 2504 684 2536 mensis
707 2503 805 2545 Sept.
833 2504 912 2535 1562
937 2504 974 2535 in
997 2503 1075 2535 cod.
1100 2503 1197 2535 Lus.
1221 2504 1281 2539 43,
1303 2504 1338 2535 ff.
1366 2504 1517 2543 178-179)
1533 2504 1626 2536 duos
1643 2504 1853 2536 invenimus
1877 2503 1996 2535 socios

379 2558 493 2590 huius
516 2558 678 2589 nominis
700 2558 736 2589 et
759 2556 1002 2597 cognominis,
1027 2556 1204 2588 oriundos
1220 2565 1265 2588 ex
1281 2557 1415 2598 oppido
1438 2557 1597 2598 quodam
1628 2556 1818 2598 paroeciae
1840 2555 1997 2597 Noguei-

378 2620 419 2642 ra
441 2619 552 2652 prope
574 2610 761 2649 Villareal,
786 2611 822 2641 et
845 2609 993 2650 quidem
1016 2608 1181 2640 eiusdem
1198 2610 1364 2649 parentis
1388 2609 1495 2648 filios,
1514 2610 1555 2641 ut
1578 2619 1622 2642 ex
1645 2618 1770 2641 eorum
1808 2609 1995 2650 responsis

377 2665 423 2697 ad
447 2664 757 2705 interrogationes
779 2663 900 2695 Patris
922 2662 1038 2694 Nadal
1061 2662 1103 2703 (Ι,
1128 2663 1198 2694 570.
1224 2662 1283 2701 IV,
1308 2663 1383 2702 398)
1406 2664 1561 2696 eruitur.
1587 2663 1692 2695 Unus
1715 2664 1793 2695 erat
1811 2663 1993 2702 sacerdos,

378 2717 598 2750 Societatem
621 2717 814 2758 ingressus
836 2724 934 2747 anno
958 2716 1038 2747 1542
1060 2715 1153 2755 (cod.
1179 2715 1275 2747 Lus.
1299 2716 1359 2751 43,
1385 2716 1420 2748 ff.
1449 2718 1475 2755 1,
1491 2717 1541 2755 75,
1566 2716 1653 2757 237),
1678 2716 1772 2748 alter
1798 2716 1994 2757 postquam

378 2770 514 2803 multos
537 2779 654 2802 annos
677 2770 716 2801 in
739 2768 909 2801 domibus
943 2768 1151 2806 SocietatiS,
1178 2768 1219 2799 ut
1252 2767 1460 2807 familiariS‚
1486 2769 1642 2809 vixerat,
1668 2777 1766 2801 nunc
1799 2768 1995 2800 litterariis

378 2823 514 2855 studiis
538 2831 684 2864 operam
707 2822 794 2854 dare
817 2821 1015 2862 inceperat.
1041 2820 1229 2860 Epistulae
1246 2821 1430 2861 scriptura
1458 2822 1563 2854 valde
1589 2821 1724 2854 similis
1750 2822 1806 2853 est
1836 2821 1995 2862 scriptu-

379 2885 440 2908 rae
464 2875 745 2916 responsionum
765 2874 878 2906 huius
903 2873 1053 2906 secundi
1072 2873 1169 2905 Petri
1197 2873 1313 2914 Lopez
1341 2874 1385 2906 ad
1414 2875 1726 2916 interrogationes
1762 2874 1853 2906 Pris.
1879 2873 1994 2906 Nadal

378 2928 453 2969 (IV,
477 2929 564 2969 398).

439 2983 451 3000 ⁴
474 2981 525 3013 Ex
548 2981 682 3022 origin.
707 2981 746 3012 in
769 2980 847 3012 cod.
872 2979 968 3011 Lus.
993 2979 1051 3015 51,
1069 2978 1104 3010 ff.
1122 2979 1277 3013 247-2482
1303 2980 1406 3020 prius
1428 2981 1576 3013 533-534.
1597 2980 1645 3012 De
1668 2989 1766 3012 anno
1788 2989 1862 3021 quo
1884 2979 1991 3020 epist.

379 3034 466 3067 data
489 3035 545 3066 est
568 3033 612 3066 cf.
638 3034 763 3066 annot.
790 3034 805 3064 1
830 3033 937 3074 epist.
963 3030 1227 3073 praecedentis.
