2099 3516
586 284 665 319 490.
694 305 733 308 —
764 283 882 319 SENis
907 283 929 318 9
956 282 1183 318 FEBRUARH
1214 283 1300 318 1561
1646 283 1712 319 153

135 415 180 443 se
209 403 296 442 cito
327 403 567 453 petiturum
610 402 735 442 dixit.
767 401 1139 441 Scholasticorum
1186 412 1412 448 numerus,
1444 401 1520 451 qui
1565 401 1761 439 lectioni-

136 469 218 507 bus
247 467 483 506 audiendis
512 469 617 506 sunt
648 466 824 513 maturi,
858 466 1005 516 potius
1027 465 1260 504 mediocris
1290 467 1486 516 apparet,
1519 477 1651 515 quam
1673 477 1762 503 am-

134 533 258 582 plus3
292 544 368 582 spe
397 534 544 570 tamen
575 532 780 571 ducimur
818 530 863 569 in
907 531 1002 569 dies
1045 532 1224 569 auctum
1255 530 1325 574 iri,
1358 529 1537 580 quando
1581 529 1760 580 quidem

136 598 244 636 bene
288 597 486 636 moribus
529 596 788 646 compositis
818 607 864 634 se
893 595 1055 634 exteris
1092 603 1109 621 ἃ
1140 595 1321 645 prebent
1356 595 1595 645 exemplar.
1630 594 1759 633 Haud

133 662 353 701 desistunt
384 661 576 709 siugulis
606 673 782 712 quoque
813 660 1057 704 mensibus,
1081 660 1195 699 sicut
1226 660 1272 698 in
1303 671 1422 698 more
1456 659 1647 710 positum
1678 661 1759 705 est,

134 739 214 766 sua
246 728 420 776 peccata
451 726 668 765 sacerdoti
699 725 883 776 aperire,
917 725 1176 776 grandiores
1208 736 1312 764 uero
1343 727 1450 764 natu
1481 736 1611 775 saepe
1645 736 1763 763 acce-

134 792 243 831 dunt
274 791 328 830 ad
359 803 530 830 sacrum
555 791 849 830 eucharistiae
870 792 1195 829 sacramentum
1218 790 1377 829 humili
1409 789 1558 828 animo
1588 801 1764 829 sumen-

133 856 253 895 dum.
288 856 519 894 Habentur
550 858 771 905 praeterea
802 855 848 893 in
879 854 1044 893 nostris
1079 855 1246 893 scholis
1279 854 1638 905 disceptationes
1671 855 1763 893 affi-

134 922 387 971 gunturque
434 920 592 960 diebus
640 920 816 959 ueneris
864 920 1108 959 rhetoricae
1170 920 1461 961 assertiones:
1512 919 1763 970 studijsque

134 986 254 1025 hisce
286 986 444 1024 mirum
478 986 523 1024 in
555 986 732 1025 modum
764 985 973 1036 discipuli
1004 985 1060 1024 ad
1090 985 1378 1024 humaniores
1400 985 1571 1024 litteras
1600 985 1764 1035 ample-

133 1051 303 1090 xandas
352 1051 709 1097 intlammanturg
761 1050 859 1089 ideo
907 1062 958 1089 eo
1008 1050 1149 1101 magis
1196 1050 1327 1089 datur
1374 1062 1522 1100 opera,
1568 1062 1622 1089 ne
1672 1050 1763 1089 ulla

134 1115 405 1154 intermissio
436 1116 576 1154 nostri
608 1116 682 1154 fiat
712 1115 862 1165 officij.
895 1114 1102 1154 Calendis
1131 1115 1397 1154 Nouembris
1432 1115 1484 1154 de
1518 1115 1764 1165 sapientiae

134 1180 263 1220 laude
307 1180 552 1219 orationem
584 1180 984 1231 pronunciauimus
1015 1180 1061 1219 in
1091 1180 1243 1220 schola
1274 1181 1490 1219 instructa
1521 1180 1763 1231 peripetas-

133 1245 326 1285 matibus
364 1247 678 1296 praesentibus
715 1248 944 1285 eaetranais
988 1244 1020 1284 b.
1055 1245 1334 1285 Postulatum
1367 1257 1456 1284 non
1493 1245 1645 1284 multis
1675 1245 1765 1284 die-

134 1311 217 1350 bus
246 1313 348 1349 ante
390 1311 446 1349 ab
490 1311 784 1350 humanitatis
827 1310 1025 1361 legisque
1070 1311 1397 1361 professoribus
1443 1310 1541 1357 fuit,
1574 1312 1622 1350 ut
1656 1310 1764 1360 quid

133 1375 282 1426 grec[i]
323 1383 337 1401 0
368 1375 413 1414 in
448 1375 624 1426 publico
654 1375 889 1426 gymnasio
910 1376 1239 1422 enuclearetur;
1273 1387 1322 1414 ea
1346 1387 1390 1414 re
1410 1375 1605 1415 decreuit
1637 1375 1766 1415 Pater

134 1441 293 1480 Rector
323 1441 583 1491 magistrum
619 1441 835 1480 ‚Ioannem
880 1441 1114 1480 Maiorium
1146 1443 1174 1484 ¹,
1207 1440 1480 1492 adm[0dum]
1518 1440 1536 1467 d
1568 1441 1614 1479 in
1644 1452 1765 1492 grae-

132 1506 196 1545 cis
226 1505 386 1545 litteris
418 1508 659 1548 uersatum.
692 1506 811 1545 hunc
841 1506 991 1546 subire
1021 1506 1231 1547 laborem.
1264 1506 1412 1545 Pridie
1442 1506 1580 1557 igitur
1609 1506 1764 1546 iduum

132 1571 397 1611 Nouembris
444 1571 760 1611 aristotelicam
805 1571 1053 1611 rhetoricen
1096 1584 1196 1611 cum
1240 1572 1495 1611 auditorum
1544 1572 1761 1622 applausu

133 1636 377 1676 inchoauit.
411 1636 497 1675 Nec
527 1637 653 1676 debet
687 1637 766 1676 ulli
798 1637 958 1676 mirum
990 1637 1149 1683 uideri,
1182 1637 1219 1676 si
1251 1639 1350 1688 post
1393 1637 1563 1688 aliquot
1602 1638 1766 1677 hebdo-

133 1701 287 1740 madas
315 1701 482 1741 omissa
512 1701 644 1741 fuerit
675 1702 802 1741 lectio
837 1702 890 1741 de
924 1702 1144 1741 sententia
1175 1702 1222 1742 P.
1257 1702 1577 1749 Prouincialis3
1611 1703 1766 1742 absen-

132 1766 194 1805 tia
223 1766 343 1805 enim
373 1766 573 1817 magistri
603 1767 791 1805 Joannis
837 1779 921 1805 non
969 1769 1138 1817 poterat
1186 1779 1367 1818 prorsus
1407 1769 1585 1806 nostrae
1615 1767 1763 1814 classi,

133 1830 236 1883 cu[i]
270 1831 508 1881 malumus,
532 1834 580 1871 ut
608 1834 826 1873 tenemur.
850 1832 1105 1871 satisfacere
1125 1844 1258 1883 quam
1282 1833 1435 1883 paucis
1466 1832 1568 1882 alijs
1599 1844 1765 1872 morem

133 1908 296 1947 gerere,
329 1908 420 1936 non
449 1908 545 1936 esse
576 1897 621 1936 in
652 1897 803 1948 aliqua
834 1899 956 1948 parte
995 1898 1274 1937 detrimento.
1307 1898 1601 1948 Quamobrem
1643 1898 1765 1937 omni

132 1961 262 2012 culpa
292 1962 400 2001 haec
430 1963 619 2001 cessatio
650 1962 807 2010 caruit,
840 1974 943 2002 nam
974 1963 1029 2002 ad
1059 1965 1234 2014 tempus
1264 1963 1394 2014 quasi
1425 1963 1532 2015 quid
1568 1963 1767 2003 euenerit

133 2027 468 2077 prospicientes.
501 2027 780 2078 suscepimus
824 2028 1118 2079 prouinciam.
1152 2028 1301 2068 Nostri
1345 2028 1600 2068 scholastici
1644 2040 1766 2068 exer-

133 2094 288 2131 centur
315 2092 482 2131 crebris
524 2092 926 2132 declamationibus
971 2093 1212 2134 habendis:
1250 2094 1494 2145 aliquando
1524 2106 1576 2133 ex
1606 2094 1767 2144 impro-

137 2157 232 2196 uiso
263 2157 399 2196 latine
428 2157 752 2198 concionantur
782 2158 896 2197 inter
925 2158 1218 2198 coenandum.

212 2223 250 2262 6.
284 2223 550 2262 Inuisuntur
579 2223 759 2273 saepius
794 2223 840 2262 in
876 2235 1092 2263 carcerem
1124 2224 1336 2275 conjecti;
1369 2227 1411 2264 et
1441 2225 1538 2271 hos,
1580 2225 1766 2264 uerbum

134 2288 211 2327 Dei
242 2288 495 2338 aperiendo,
518 2290 613 2327 tum
639 2300 848 2335 recreare,
873 2291 967 2328 tum
998 2302 1023 2328 a
1045 2290 1163 2329 uitae
1184 2290 1406 2329 curriculo
1427 2290 1610 2341 obliquo
1632 2292 1766 2329 retra-

133 2355 236 2394 here
265 2354 608 2404 diligentissime
638 2355 892 2402 studemus;
931 2355 975 2394 id
996 2356 1209 2406 consequi
1246 2355 1464 2402 uidemur,
1488 2368 1585 2395 cum
1613 2367 1768 2395 omnes

134 2431 223 2459 uno
260 2427 275 2445 θ
297 2431 372 2459 ore
402 2419 669 2470 protulerint
690 2421 861 2470 praeter
882 2420 996 2459 hanc
1017 2421 1356 2460 conciunculam
1379 2421 1467 2460 alio
1492 2421 1636 2460 nihilo
1659 2421 1767 2460 rele-

134 2484 245 2525 uari.
268 2484 366 2524 Non
389 2484 519 2524 modo
549 2497 574 2523 a
604 2485 792 2524 carceris
814 2486 996 2525 custode
1018 2486 1127 2525 mihi
1150 2486 1234 2526 fuit
1255 2486 1458 2532 relatum,
1483 2486 1559 2525 sed
1581 2487 1636 2525 ab
1657 2486 1768 2537 ipsis

133 2549 265 2588 etiam
296 2549 437 2600 captis
466 2549 630 2600 accepi,
664 2561 709 2589 se
739 2562 894 2589 omnes
923 2551 1123 2601 quotidie
1166 2551 1356 2602 genibus
1390 2551 1515 2591 flexis
1551 2551 1768 2590 laetanias

133 2626 414 2663 coronamue,
441 2615 511 2654 uel
532 2615 655 2654 aliud
686 2615 861 2666 generis
882 2615 1070 2655 huiusce
1100 2616 1170 2667 pie
1192 2616 1374 2656 recitare
1396 2617 1569 2656 lucente
1599 2617 1767 2667 lampa-

134 2680 186 2719 de
216 2679 229 2705 f
268 2691 372 2730 prae
402 2680 546 2719 altari.
579 2679 652 2719 Nil
681 2680 805 2720 aliud
835 2680 897 2720 ibi
928 2683 1058 2720 antea
1088 2681 1368 2729 audiebatur,
1391 2694 1525 2733 quam
1555 2682 1769 2721 obtrecta-

195 2842 213 2860 a
245 2834 370 2866 Prius
394 2834 561 2866 externis
585 2835 644 2873 (⁵2⁹).
669 2853 709 2856 —
734 2835 751 2861 b
781 2834 868 2867 Duo
890 2835 1011 2867 verba
1028 2845 1165 2877 praec.
1192 2836 1317 2868 deleta
1340 2838 1446 2869 sunt.
1481 2855 1521 2859 —-
1545 2845 1559 2863 c
1583 2836 1768 2868 Consum-

127 2889 199 2928 pta
224 2887 363 2920 charta
392 2888 434 2919 in
456 2888 533 2928 fine
559 2897 709 2920 versus.
735 2907 774 2910 —
797 2888 816 2914 d
838 2888 1076 2930 Consumpta
1100 2889 1253 2921 charta.
1277 2909 1317 2912 —
1340 2898 1356 2917 e
1377 2899 1503 2922 omnes
1528 2899 1602 2922 uno
1639 2899 1766 2930 supra

137 2949 235 2973 vers.
260 2959 300 2964 —
324 2941 337 2967 f
359 2941 484 2973 Prius
515 2941 698 2982 lampada.

197 3074 203 3090 ¹
230 3071 387 3104 Ioannes
410 3072 455 3104 de
478 3072 692 3105 Maioribus.
718 3072 769 3105 Cf.
794 3072 888 3104 Litt.
919 3072 1126 3112 Quadrima.
1152 3074 1212 3113 VI,
1237 3075 1309 3107 484.
