2099 3516
419 260 490 296 278
890 261 1096 298 LITTERAE
1129 262 1473 307 QUADmMESTREs

479 381 638 427 niensi,
669 381 883 430 episcopis
912 382 1144 420 viennensi
1163 382 1202 419 et
1222 382 1521 430 matrutiensi‚
1544 383 1734 432 aliisque
1752 386 1989 433 primariis

479 445 592 481 viris
623 443 917 490 adstantibus,
962 443 1306 483 sollemnissime
1347 447 1598 496 peragitur.
1632 447 1762 485 Tanti
1798 448 1990 497 hospites

473 508 575 556 post
600 508 849 556 prandium
876 509 1107 558 ingenioso
1153 510 1257 547 lusu
1294 511 1568 550 recreantur.
1604 532 1649 537 —-
1679 515 1720 549 3.
1750 512 1990 552 Duodecim

481 573 589 609 socii
629 573 970 621 peregrinatum
1013 574 1280 613 mittuntur:
1326 575 1366 612 et
1399 575 1519 623 felici
1565 576 1742 624 quidem
1770 589 1987 616 successu.

482 658 530 662 -
558 639 602 674 4.
638 636 853 675 Caritatis
895 649 1028 687 opera
1056 639 1104 677 in
1134 639 1419 678 sublevandis
1455 640 1742 689 pauperibus,
1784 643 1989 692 aegrotis,

480 701 788 739 incarceratis.
820 702 959 740 Paces
987 703 1143 742 initae.
1176 725 1226 729 —-
1256 707 1298 741 5.
1340 704 1431 742 Per
1473 704 1759 744 bacchanalia
1800 707 1839 745 et
1878 719 1990 756 qua-

483 765 786 814 dragesimam
815 768 923 805 socii
952 767 1191 806 turmatim
1232 768 1474 818 palamque
1515 781 1560 807 se
1605 770 1849 819 flagellant,
1886 783 1993 820 quos

483 829 662 868 alumni
691 831 858 879 fervide
886 832 1142 870 imitantur.
1173 855 1223 859 —
1253 837 1294 871 6.
1331 833 1548 880 Quattuor
1576 836 1685 873 socii
1730 837 1874 874 sacris
1907 838 1993 875 ini-

483 895 672 933 tiantur.
703 895 754 932 P.
787 896 946 934 Rector
973 897 1233 936 sollemnem
1256 899 1580 947 professionem
1613 901 1735 939 vovet
1755 901 1996 950 multiplici

480 960 729 1007 praemisso
758 961 963 999 exercitio
991 962 1278 1001 humilitatis.
1309 984 1358 989 —
1390 966 1430 1001 7.
1459 964 1522 1001 De
1549 965 1738 1002 noviciis
1757 977 1996 1014 eorumque

482 1024 780 1063 institutione.
826 1047 876 1051 —
914 1029 956 1064 8.
1003 1028 1065 1065 De
1112 1028 1293 1077 collegio
1340 1040 1467 1067 novo.
1518 1028 1682 1067 Plures
1729 1030 1996 1069 convictores

485 1089 664 1128 admitti
693 1092 889 1140 cupiunt,
923 1104 1055 1141 quam
1086 1106 1195 1143 quos
1225 1094 1351 1132 aedes
1381 1095 1599 1144 angustae
1637 1107 1788 1145 capere
1814 1096 1993 1145 posunt.

484 1176 535 1180 —
565 1158 606 1192 9.
636 1156 699 1193 De
740 1156 901 1194 scholis
930 1158 971 1195 et
1013 1158 1379 1197 scholasticorum
1408 1160 1458 1198 in
1489 1159 1651 1197 litteris
1689 1161 1728 1198 et
1757 1160 1998 1199 virtutibus

482 1231 726 1269 progressu
735 1234 747 1266 ,·
768 1233 960 1270 quorum
982 1223 1137 1272 aliqua
1156 1225 1333 1273 egregia
1355 1236 1488 1273 opera
1508 1225 1799 1263 enarrantur.
1823 1226 1999 1275 Iosephi

486 1285 709 1323 comoedia
737 1298 838 1324 cum
879 1288 1052 1336 ingenti
1090 1289 1313 1338 applausu
1357 1290 1522 1338 agitur.
1555 1311 1601 1316 —
1632 1293 1702 1328 10.
1741 1290 1836 1328 Viri
1873 1291 1912 1329 et
1942 1291 1999 1339 fe-

486 1351 635 1388 minae
664 1351 914 1400 frequentes
945 1353 1002 1390 ad
1030 1355 1314 1392 sacramenta
1345 1354 1567 1393 accedunt.
1605 1354 1804 1393 Curatur
1833 1356 1881 1394 ut
1928 1367 1999 1393 ae-

485 1415 605 1463 9roti
633 1415 671 1452 et
701 1416 903 1464 impediti
931 1417 1116 1456 iubilaei
1142 1419 1341 1468 eqratiam
1372 1420 1687 1468 assequantur.
1722 1419 1899 1459 Abusus
1919 1420 1999 1458 tol-

489 1479 661 1517 luntur.
693 1502 744 1506 ——
785 1485 848 1519 11.
883 1481 1117 1521 Contiones
1160 1496 1259 1522 cum
1301 1484 1453 1532 fructu
1494 1484 1724 1522 habentur.
1757 1506 1807 1510 ——
1840 1488 1909 1522 12.
1938 1485 2001 1524 De

492 1543 709 1591 Caesaris,
760 1546 810 1583 de
852 1547 1183 1586 Maximilliani
1224 1549 1264 1586 et
1308 1549 1505 1587 aliorum
1546 1561 1653 1598 erya
1698 1551 1839 1587 socios
1881 1550 2000 1588 bene-

488 1610 696 1648 volentia.

465 1734 500 1772 1.
534 1733 695 1772 Exacta
736 1734 1073 1784 quadrimestris
1103 1735 1232 1785 spatij
1266 1735 1473 1786 periodus
1512 1737 1707 1787 postulat
1737 1739 1782 1776 vt
1810 1737 2002 1776 caesarei

384 1798 520 1837 huius
562 1798 734 1848 collegij
768 1810 852 1843 res,
885 1799 974 1838 Deo
1004 1799 1083 1850 Op.
1118 1800 1229 1839 Max.
1263 1800 1371 1839 duce
1414 1803 1575 1851 gestas,
1607 1801 1799 1841 breuiter
1832 1813 1882 1841 ac
1911 1813 2004 1852 per-

384 1864 536 1915 spicue
565 1864 615 1904 R.
648 1864 694 1903 P.
726 1864 1009 1914 explicemus.
1055 1865 1240 1904 Doctore
1271 1866 1435 1905 Ioanne
1465 1867 1611 1906 Zeidel
1640 1874 1658 1892 a
1692 1869 1735 1906 et
1776 1867 2004 1906 Anthonio

385 1929 576 1968 Flandro
596 1929 804 1979 exceptis,
826 1929 902 1980 qui
923 1929 1180 1969 Tirnauiam
1211 1931 1314 1981 nouj
1348 1931 1394 1969 in
1416 1931 1645 1982 Hungaria
1675 1932 1890 1971 fundandi
1920 1931 2005 1971 col-

385 1994 487 2045 legij
520 2005 668 2039 causa,
703 1993 826 2033 missi
856 1996 975 2041 sunt,
1008 1995 1205 2034 vniuersi
1236 2007 1420 2035 numero
1462 1996 1787 2048 quinquaginta
1817 1997 1905 2036 duo
1934 1997 2005 2036 hic

385 2070 563 2098 sumus:
598 2058 712 2097 inter
740 2070 852 2109 quos
879 2060 923 2097 11
947 2059 1194 2098 sacerdotes
1224 2059 1242 2085 b
1277 2060 1473 2100 existunt
1502 2069 1517 2087 θ
1540 2093 1549 2107 ,
1580 2063 1627 2100 vt
1656 2061 1851 2100 nouitios
1880 2061 2007 2100 omit-

386 2126 546 2163 tamus,
580 2122 701 2172 Quod
735 2123 789 2162 ad
819 2123 1094 2174 spiritualem
1125 2124 1322 2164 omnium
1354 2126 1596 2176 profectum
1626 2126 1797 2173 attinet,
1829 2128 2007 2165 curatur

386 2188 636 2238 diligenter,
679 2190 721 2226 vt
765 2188 811 2226 in
854 2189 1062 2228 omnibus
1099 2196 1264 2238 φιλαυτία
1315 2202 1367 2229 ex
1414 2191 1578 2230 nostris
1625 2191 1788 2229 animis
1834 2190 2004 2237 euulsa,

387 2253 435 2291 in
483 2252 678 2303 preclara
726 2253 1018 2299 obedientiae,
1072 2254 1388 2294 submissionis
1435 2267 1485 2294 ac
1541 2255 1814 2306 paupertatis
1860 2254 2007 2294 studia

388 2317 713 2356 incumbamus
746 2317 814 2356 Ad
844 2318 961 2368 quod
992 2330 1082 2357 non
1112 2319 1407 2368 poenitentiae
1441 2321 1613 2359 tantum
1655 2319 1873 2370 publicae,
1917 2330 2009 2358 cre-

390 2383 581 2432 braeque
609 2382 961 2429 exhortationes3
995 2395 1146 2422 verum
1176 2384 1308 2423 etiam
1351 2386 1570 2431 votorum,
1611 2384 1775 2436 quibus
1804 2396 1856 2423 ex
1885 2383 2009 2423 insti-

390 2449 486 2486 tuto
515 2446 746 2486 Societatis
789 2447 956 2486 astricti
987 2459 1157 2495 sumUS,
1190 2449 1550 2497 instaurationes,
1582 2452 1713 2500 atque
1743 2449 1789 2488 in
1818 2448 2010 2500 peregri-

390 2511 632 2559 nationem,
663 2523 857 2551 carceres
885 2515 927 2551 et
956 2512 1010 2552 ad
1040 2513 1315 2552 xenodochia
1348 2514 1598 2561 missiones,
1638 2514 1879 2565 plurimum
1922 2525 2012 2552 mo-

393 2576 528 2616 menti
549 2576 767 2617 adferunt.
789 2576 964 2627 Singuli
984 2577 1300 2626 confessiones,
1323 2590 1434 2629 quas
1463 2579 1690 2629 generales
1718 2579 2008 2629 appellamus,

393 2641 640 2687 instituere,
672 2640 745 2692 alij
778 2641 1054 2692 disciplinas,
1085 2642 1159 2693 alij
1206 2643 1318 2682 alias
1348 2643 1656 2694 poenitentias,
1688 2643 1852 2694 quibus
1893 2644 2012 2682 ante-

393 2707 515 2745 actae
557 2705 673 2744 vitae
715 2706 910 2745 defectus
951 2706 1186 2754 diluerent,
1218 2707 1303 2746 sibi
1332 2707 1512 2747 concedi
1547 2708 1827 2747 vehementer
1863 2709 2012 2758 postu-

394 2771 557 2810 larunt.

474 2836 512 2875 02.
545 2836 721 2875 Festum
743 2835 1102 2876 Circumcisionis
1123 2837 1317 2888 Dominj,
1341 2837 1387 2876 in
1412 2849 1500 2888 quo
1530 2849 1654 2877 sacra
1682 2839 1785 2877 vota
1813 2848 1865 2876 ex
1895 2848 2013 2876 more

396 2900 728 2950 renouauimus,
760 2901 844 2940 hoc
872 2903 952 2948 est,
984 2901 1142 2941 festum
1173 2902 1369 2941 nominis
1399 2902 1513 2950 Iesu,
1549 2903 1667 2953 apud
1708 2913 1790 2941 nos
1832 2900 2013 2940 maximi

459 3044 477 3063 a
509 3037 609 3068 Zeidl
631 3037 675 3069 B.
700 3037 765 3069 laic
787 3038 822 3069 et
844 3036 1032 3078 inferius
1057 3056 1096 3059 —
1120 3042 1138 3068 b
1170 3037 1251 3070 Del.
1276 3046 1417 3070 sumus,
1437 3055 1477 3059 —
1493 3045 1508 3064 c
1538 3037 1620 3070 Del.
1645 3037 1808 3069 curatur.
