2099 3516
517 261 597 296 491.
640 282 667 285 —
698 260 938 295 anossom
971 260 1011 294 14
1037 259 1267 295 FEBRUARH
1296 260 1381 295 1561
1704 262 1765 297 161

217 380 254 420 5.
286 379 432 418 Exteri
462 380 594 429 atque
624 378 903 425 viennenses,
937 378 1078 428 magis
1107 389 1157 417 ac
1183 377 1325 428 magis
1346 378 1506 417 melius
1528 366 1766 418 de'nosiris

139 445 302 484 sentire
331 446 372 483 et
401 443 518 482 affici
548 443 772 482 uidentur.
806 443 1013 481 Rariores
1048 445 1152 482 sunt
1192 445 1289 493 post
1336 454 1418 481 nos
1461 443 1677 482 clamores
1720 444 1764 482 in

140 509 321 560 plateis3
370 508 648 559 frequentius
691 510 732 547 et
776 508 1042 547 familiarius
1086 508 1317 547 nobiscum
1362 508 1584 558 incipiunt
1621 521 1764 559 agere.

139 574 318 625 saepius
348 575 503 624 petunt
531 564 720 612 consilia
749 575 790 612 et
820 584 947 623 opem
978 574 1231 612 nostrorum
1276 584 1353 623 pro
1397 572 1601 620 infirmis,
1633 586 1767 624 quani

138 642 281 679 antea.
314 638 541 689 Magnates
569 638 699 677 etiam
731 637 872 688 aliqui
903 637 1109 676 catholici
1138 637 1378 688 plurimum
1410 637 1663 677 desiderant
1692 637 1767 678 So—

139 703 340 743 cietatem
372 703 418 742 in
448 703 640 742 diuersis
676 703 884 742 Austriae
914 702 1024 742 locis
1054 702 1108 741 ad
1139 702 1393 741 celeriorem
1434 703 1587 753 populi
1619 703 1769 743 reduc·

140 767 318 807 tionem.
344 767 514 807 Retulit
544 767 653 806 mihi
684 767 816 807 etiam
835 767 904 806 uir
925 767 1107 823 quidam
1132 775 1148 793 ἃ
1172 779 1262 807 non
1280 779 1442 818 paruae
1464 768 1765 811 authoritatis,

139 832 258 882 quod
289 832 419 872 modo
450 832 578 872 multi
611 832 815 872 dubitare
847 831 1064 882 incipiant
1085 832 1161 882 qui
1187 832 1494 883 superioribus
1515 833 1646 871 annis
1675 845 1769 883 per-

138 897 343 937 tinaciter
372 909 477 937 suos
507 909 677 937 errores
698 897 932 936 defendere
963 897 1256 941 conabantur,
1279 899 1411 948 atque
1441 897 1768 948 disputationes

139 962 192 1001 de
222 962 306 1001 fide
336 962 380 1000 in
411 961 506 1001 dies
536 962 798 1001 decrescere.
823 961 1021 1001 Viennae
1041 961 1191 1000 omnia
1222 961 1309 1000 iam
1331 964 1437 1001 sunt
1470 962 1580 1001 satis
1601 962 1766 1013 quieta,

138 1028 355 1077 quantum
400 1026 452 1065 ad
486 1026 751 1065 catholicam
784 1025 1056 1076 religionem,
1088 1038 1169 1065 nec
1211 1028 1428 1065 attentare
1464 1026 1608 1077 palam
1648 1027 1770 1066 here—

139 1090 214 1130 tici
245 1090 483 1141 quicquam
514 1090 702 1137 audent;
735 1092 949 1140 occupata
970 1092 1075 1129 sunt
1101 1090 1251 1129 omnia
1272 1091 1435 1141 templa
1466 1102 1490 1129 a
1520 1090 1767 1137 catholicis

142 1158 187 1195 ut
217 1155 320 1206 alijs
354 1167 444 1194 non
487 1155 615 1201 detur
657 1155 795 1194 locus.
830 1155 1075 1206 Episcopus
1121 1155 1377 1195 viennensis
1425 1158 1453 1203 1,
1487 1158 1585 1207 post
1615 1156 1771 1195 confir·

141 1221 377 1260 mationem
402 1222 640 1271 acceptam.
664 1220 794 1259 etiam
820 1220 908 1259 iam
930 1220 1175 1260 animosior
1203 1222 1245 1260 et
1273 1221 1532 1272 diligentior
1552 1223 1617 1260 est
1646 1221 1771 1261 effec-

140 1288 225 1326 tus.
251 1286 382 1325 Extra
412 1288 557 1325 tamen
589 1285 832 1332 ciuitatem,
865 1286 911 1324 in
941 1285 1362 1325 circumiacentibus
1393 1286 1531 1333 uillis,
1565 1287 1692 1337 pagis
1721 1299 1770 1326 ac

139 1351 331 1402 oppidis,
377 1351 518 1390 maior
561 1353 626 1390 est
672 1350 863 1398 miseria,
896 1353 937 1390 et
981 1362 1070 1390 non
1114 1351 1245 1390 aliam
1293 1352 1349 1390 ob
1393 1362 1590 1397 causam,
1637 1364 1770 1402 quam

140 1416 259 1466 quod
291 1428 379 1455 non
410 1416 701 1455 inueniantur
744 1416 994 1455 sacerdotes
1025 1416 1145 1465 boni,
1178 1416 1254 1467 qui
1286 1428 1456 1456 errores
1486 1416 1698 1464 refellere,
1730 1420 1771 1457 et

140 1482 354 1532 populum
404 1481 606 1531 alioquin
656 1481 920 1532 simplicem,
954 1481 1192 1520 informare
1242 1481 1435 1532 possum
1471 1481 1583 1521 vnde
1630 1482 1772 1522 uelint

141 1547 300 1591 nolint,
335 1547 461 1586 multi
494 1547 598 1586 mali
630 1547 928 1586 admittuntur
957 1547 1033 1597 qui
1064 1559 1143 1597 pro
1187 1547 1319 1586 libitu
1357 1549 1497 1598 agunt
1527 1550 1568 1587 et
1597 1548 1769 1591 docent,

140 1615 273 1663 atque
302 1613 386 1652 sub
416 1615 604 1663 utraque
642 1623 772 1662 saepe
802 1612 941 1662 spetie
988 1612 1136 1662 plures
1180 1612 1479 1652 comunicant.
1512 1613 1687 1652 Vellent
1716 1613 1772 1652 ob

141 1678 185 1717 id
225 1679 270 1717 ut
302 1677 442 1716 nostri
486 1678 677 1717 subinde
714 1680 995 1716 excurrerent
1025 1680 1065 1716 et
1095 1677 1467 1717 concionarentur
1500 1678 1547 1717 in
1581 1678 1772 1717 diuersis

140 1743 341 1794 oppidis:
375 1743 450 1782 sed
494 1742 603 1793 quid
647 1743 905 1782 faceremus.
938 1754 1037 1781 cum
1082 1745 1261 1793 tyrones
1303 1743 1449 1782 adhuc
1493 1745 1581 1782 fere
1619 1755 1773 1783 omnes

141 1809 247 1855 sint,
270 1808 370 1847 etsi
400 1808 476 1859 qui
507 1810 613 1848 sunt
642 1808 719 1859 qui
749 1808 920 1859 aliquid
943 1811 1166 1859 praestare
1198 1808 1384 1859 possint,
1409 1809 1470 1848 ita
1500 1808 1629 1859 pauci
1651 1811 1770 1852 sunt,

143 1876 190 1913 ut
220 1885 299 1913 nec
330 1873 527 1913 Viennae
557 1873 812 1913 satisfacere
847 1873 1032 1924 possint.
1065 1873 1149 1913 Sed
1184 1874 1318 1921 Deus,
1351 1885 1494 1925 spero,
1528 1874 1589 1913 ita
1623 1874 1773 1913 omnia

141 1938 362 1989 disponet,
395 1940 443 1978 ut
473 1939 650 1978 tandem
686 1938 857 1989 aliquid
889 1939 978 1978 fiat.
1011 1938 1106 1978 Non
1154 1951 1337 1989 possum
1381 1951 1471 1978 non
1500 1939 1692 1978 scribere
1721 1939 1773 1978 de

141 2004 335 2055 quodam
366 2004 635 2043 monasterio
665 2003 893 2043 Scotorum
937 2004 1116 2044 nomine
1145 2006 1173 2053 ²,
1197 2004 1315 2055 quod
1346 2004 1545 2044 Viennae
1588 2004 1635 2044 in
1668 2004 1774 2044 ciui-

142 2071 230 2108 tate
259 2071 348 2116 est;
382 2068 449 2108 illi
479 2081 579 2108 cum
611 2081 748 2120 pagos
777 2081 913 2120 prope
944 2069 1170 2108 ciuitatem
1201 2069 1287 2108 sibi
1309 2069 1534 2109 subiectos
1564 2070 1772 2111 habeant.

142 2133 276 2172 audio
323 2133 443 2184 quod
474 2133 743 2184 quandoque
787 2134 967 2173 sinistre
1011 2136 1160 2185 agant,
1194 2134 1453 2184 praesertim
1497 2134 1543 2173 in
1587 2134 1774 2173 admini-

143 2199 325 2238 strando
347 2199 643 2238 eucharistiae
664 2201 955 2238 sacramento.
982 2199 1145 2239 Ferunt
1166 2199 1360 2250 quidem,
1380 2202 1421 2239 et
1442 2200 1495 2239 de
1516 2199 1618 2250 alijs
1640 2200 1776 2250 pluri-

143 2265 227 2304 bus
250 2264 547 2315 monasteriis,
571 2264 689 2315 quod
711 2264 934 2311 monachi,
959 2267 1130 2315 praeter
1160 2277 1293 2316 quam
1321 2265 1440 2316 quod
1464 2265 1577 2304 male
1599 2266 1772 2306 uiuant.

142 2330 275 2369 etiam
306 2330 499 2369 diuersis
529 2330 756 2369 erroribus
785 2329 876 2369 sint
906 2330 1071 2379 infecti,
1104 2330 1163 2369 ita
1194 2333 1242 2369 ut
1277 2330 1372 2370 loca
1416 2342 1541 2370 sacra
1585 2331 1774 2370 multum

143 2395 203 2434 ita
235 2395 421 2446 turpiter
453 2395 801 2445 prophanentur.
827 2395 945 2434 Deus
976 2395 1381 2435 misericordiarum
1414 2398 1536 2446 pater
1574 2396 1774 2435 extrahat

205 2604 220 2623 a
249 2596 402 2637 quidam
431 2606 555 2637 supra
582 2606 682 2629 vers.

207 2771 215 2787 ¹
241 2770 430 2802 Antonius
455 2770 550 2802 Brus
574 2770 632 2811 (de
657 2770 823 2811 Muglitz)

207 2825 218 2842 2
241 2823 271 2855 A
295 2824 444 2855 saeculo
467 2823 535 2855 XII
558 2823 742 2855 hibernici
779 2824 887 2864 (scoti
912 2824 1025 2855 etiam
1049 2824 1156 2865 dicti)
1184 2825 1357 2857 monachi
1396 2826 1662 2857 monasterium
1689 2826 1778 2858 Vin-

145 2876 312 2908 dobonae
335 2876 566 2910 habuerunt:
599 2877 697 2918 quod
721 2877 893 2918 quamvis
928 2878 1056 2918 postea
1090 2878 1129 2909 in
1164 2878 1485 2910 benedictinorum
1519 2888 1776 2920 germanorum

145 2931 368 2971 potestatem
391 2931 599 2970 transierit,
625 2931 832 2972 priscorum
860 2931 1067 2963 incolarum
1094 2940 1227 2964 nomen
1255 2932 1423 2975 retinuit.
1459 2932 1548 2964 Eius
1582 2932 1778 2965 historiam

146 2984 298 3025 scripsit
321 2984 360 3016 E.
386 2984 604 3016 Hauswirth
627 2983 753 3016 O.S.B.
782 2984 834 3016 Cf.
859 2984 1123 3016 HEIMBUCHER:
1158 2985 1232 3017 Die
1271 2985 1396 3017 arden
1436 2986 1518 3017 mid
1551 2985 1781 3027 Konyregsa-

147 3036 291 3069 tionem
315 3037 386 3069 der
408 3036 695 3070 Katliolv'schen
718 3037 907 3070 Kirelwn.
934 3037 960 3077 Ι,
985 3038 1057 3077 260,
1082 3038 1153 3070 261.

218 3125 378 3153 L1'r'rERAE
399 3125 676 3160 Qumnnmsrans.
700 3142 731 3145 —
752 3126 832 3153 Tou.
855 3125 923 3153 VII.
1676 3130 1705 3156 11
