2099 3516
373 313 444 348 830

351 431 462 466 feriis
500 431 628 466 sextis
670 429 902 466 adhortatio
945 429 1078 465 dome-

351 490 453 524 stica
480 492 550 524 aut
568 489 733 524 collatio
752 489 799 524 de
818 488 937 523 rebus
960 488 1077 533 spiri-

353 547 532 582 tualibus
559 548 640 589 fiat,
666 548 752 590 436:
772 550 817 582 ut
842 547 967 582 nostri
987 546 1077 581 (loc-

352 607 498 641 trinam
539 606 803 641 christianam
847 616 991 651 pueros
1035 605 1074 639 in

352 666 548 711 paroeciis
575 665 757 705 doceant,
783 664 870 705 437:
896 668 939 700 ut
966 667 1077 699 voto·

352 735 437 759 rum
465 724 675 759 renovatio
712 725 782 758 liat
808 724 849 758 in
877 723 979 758 festo
1008 721 1074 757 SS.

355 782 458 818 Petri
486 786 524 818 et
559 782 684 820 Pauli.
710 782 798 821 437:
828 785 871 817 ut
898 784 1075 827 tempore

351 842 609 876 vacationum
662 844 910 886 proponatur
953 839 1074 874 sociis

349 900 560 945 catalogus
588 899 958 939 mortificationum,
987 897 1075 934 437:

350 961 583 993 sanctorum
621 958 817 1002 reliquias
855 956 1076 997 distribuit,

350 1017 435 1055 437:
457 1016 648 1062 templum
673 1016 843 1062 collegio
863 1014 1077 1050 conimbri-

350 1076 456 1110 censi
490 1078 629 1121 aptum
664 1074 976 1110 construendum
1011 1084 1076 1108 cu-

350 1138 422 1175 rat,
448 1134 535 1175 439:
563 1133 734 1168 Eboram
755 1133 949 1178 pervenit,
968 1135 1006 1167 et
1026 1131 1076 1167 ob

350 1192 491 1228 febrim
519 1192 769 1238 Olisiponem
792 1191 995 1227 discedere
1014 1201 1077 1226 co-

349 1252 468 1298 gitur,
495 1251 582 1289 402:
609 1261 699 1286 cum
738 1250 913 1286 Henrico
949 1250 1075 1285 cardi-

349 1311 433 1346 nali
475 1310 523 1345 de
573 1309 757 1345 eborensi
808 1309 1074 1345 universitate

349 1370 444 1415 agit,
482 1369 568 1411 403:
596 1370 825 1415 catalogum
863 1368 1075 1403 mortifica-

349 1429 505 1464 tionum
520 1427 784 1462 eborensibus
799 1427 921 1462 sociis
932 1437 1074 1473 propo-

351 1488 421 1526 nit,
447 1486 533 1525 403:
561 1486 777 1532 collegium
799 1485 1073 1531 olisiponense

350 1547 501 1587 visitat,
527 1546 615 1588 570:
642 1548 681 1580 et
707 1545 958 1585 bracarense,
987 1544 1072 1583 637:

350 1605 519 1640 Eboram
548 1604 662 1646 redit,
690 1604 775 1645 715:
803 1603 913 1639 iubet
940 1607 984 1639 ut
1003 1614 1074 1639 no-

350 1664 441 1699 vicii
481 1665 719 1709 separentur
757 1662 806 1697 ab
845 1662 949 1702 aliis.
988 1662 1074 1700 715:

347 1723 462 1758 adest
503 1722 727 1757 studiorum
772 1721 1075 1761 instaurationi,

349 1782 434 1825 716:
462 1781 636 1816 Abulam
674 1780 797 1821 venit,
834 1780 922 1821 683:
955 1780 1074 1825 Sego-

350 1841 467 1880 viam,
508 1840 594 1881 588:
638 1839 914 1885 complutense
956 1839 1074 1874 colle-

347 1900 455 1945 gium
484 1899 636 1939 invisit,
666 1899 899 1934 institutum
939 1898 1073 1933 Socie-

350 1959 445 1994 tatis
487 1959 666 2005 exponit,
715 1958 848 1993 socios
891 1957 941 1992 ad
988 1968 1074 2003 per-

348 2018 560 2053 fectionem
589 2018 752 2059 excitat,
778 2017 865 2058 641:
895 2016 1074 2052 belmon-

349 2080 460 2112 tense
475 2076 688 2122 collegium
709 2075 862 2115 invisit,
889 2075 967 2116 763,
988 2075 1074 2117 764:

347 2139 385 2171 et
413 2136 640 2175 ocaniense,
667 2135 746 2169 675.

301 2194 416 2241 Napi,
444 2194 636 2235 Aloisius,
664 2193 701 2229 S.
730 2193 768 2233 1.,
795 2193 851 2233 48,
879 2193 957 2228 780.

300 2253 471 2294 Natalis,
498 2253 782 2298 Hieronymus,
810 2252 846 2287 S.
875 2251 914 2293 1.,
942 2263 975 2286 v.
996 2251 1072 2286 Na-

346 2312 424 2353 dal,
452 2312 735 2357 Hieronymus.

301 2371 471 2411 Nausea,
514 2370 753 2407 Fridericus.
780 2370 900 2415 episc.
933 2369 1074 2404 vindo-

346 2430 551 2473 bonensis,
578 2429 656 2465 748.

302 2489 457 2524 Nautae
494 2489 764 2534 corriguntur,
797 2487 885 2527 548:
913 2490 1070 2524 nautae,

348 2548 538 2587 naucleri,
585 2547 778 2582 navarchi
826 2547 867 2581 in
917 2546 1073 2581 Indiam

347 2607 564 2653 profecturi
592 2606 641 2641 ad
677 2608 931 2641 sacramenta
964 2615 1072 2640 acce-

346 2666 447 2701 dunt
475 2665 696 2711 Olisipone,
722 2664 802 2700 6⁹22.

300 2724 490 2767 Navarro,
511 2724 694 2765 Sancius,
714 2724 750 2759 S.
771 2723 811 2764 1.,
830 2726 960 2758 rector
982 2721 1070 2758 coll.

346 2783 590 2825 catanensis,
628 2783 685 2824 34,
711 2782 767 2825 35,
805 2782 891 2825 574;
918 2781 1072 2817 contio-

347 2845 467 2877 natur
493 2842 682 2884 Catanae,
708 2841 789 2883 573,
820 2840 905 2883 743:
929 2839 1069 2875 multis

348 2901 385 2935 id
429 2911 545 2946 aegre
592 2899 827 2942 ferentibus,
874 2900 1070 2944 aegrotat,

344 2960 413 2994 sed
440 2959 609 2994 sanitati
636 2958 878 3000 restituitur,
903 2956 1070 2993 571-572.

298 3040 342 3043 -—
370 3018 524 3060 Petrus,
552 3018 591 3054 S.
612 3018 652 3061 1.,
679 3018 758 3059 0214,
783 3017 864 3053 419.

300 3076 502 3122 Neapolis,
521 3076 612 3113 coll.
632 3079 777 3118 status,
797 3075 876 3117 108,
892 3074 973 3115 347,
990 3074 1071 3115 541,

823 312 1027 348 ΙΛΤΤΕΒΑΕ
1062 311 1406 355 QUADmMEs'rnsss

1200 427 1289 465 727:
1333 426 1523 472 religiosa
1565 426 1794 472 disciplina,
1835 426 1923 469 347;

1197 485 1430 521 scholastici
1448 487 1662 527 nostrates,
1677 484 1763 525 730:
1779 484 1924 520 adhor-

1198 544 1375 579 tationes
1408 543 1665 584 domesticae,
1703 542 1789 585 7983
1828 546 1924 578 vota

1197 604 1456 643 renovantur,
1481 601 1573 640 5402:
1600 601 1771 636 humilia
1809 612 1921 636 exer-

1198 662 1294 697 citia
1332 660 1518 701 fratrum:
1561 660 1647 703 3483
1686 660 1854 695 litaniae
1884 663 1924 696 et

1197 719 1488 765 castigationes
1547 718 1801 754 voluntariae
1853 729 1924 764 pro

1198 778 1399 814 Ecclesiae
1420 777 1744 817 necessitatibus,
1761 776 1850 819 5402:
1868 777 1925 812 fa-

1194 837 1306 872 brica
1333 836 1491 881 collegii
1524 836 1801 877 continuatur,
1840 835 1924 877 111;

1201 894 1390 940 templum
1407 894 1602 940 paulatim
1616 894 1832 940 perficitur,
1843 894 1924 936 356,

1197 955 1276 991 550,
1304 953 1387 994 733:
1426 953 1683 988 alumnorum
1721 962 1923 992 numerus,

1198 1013 1287 1054 730:
1330 1012 1553 1047 litterariae
1599 1011 1924 1053 exercitationes,

1197 1072 1282 1109 731:
1311 1074 1401 1106 acta
1421 1071 1461 1105 in
1483 1070 1745 1105 renovatione
1771 1069 1925 1105 studio-

1198 1141 1296 1169 rum,
1319 1129 1485 1167 109-110:
1501 1129 1686 1164 doctrina
1700 1128 1925 1163 christiana

1197 1190 1362 1224 (locetur
1401 1198 1424 1223 a
1463 1187 1502 1223 P.
1530 1187 1699 1222 Rectore
1742 1190 1780 1222 et
1819 1186 1923 1229 aliis,

1196 1248 1367 1283 diversis
1395 1246 1506 1288 locis,
1539 1246 1612 1288 110,
1639 1245 1719 1287 350,
1737 1246 1817 1287 544,
1837 1245 1922 1289 731;

1195 1318 1313 1342 casus
1351 1306 1624 1342 conscientiae
1664 1305 1820 1340 clericis
1858 1316 1924 1340 ex-

1196 1368 1414 1412 ponuntur,
1456 1365 1532 1407 110,
1575 1364 1660 1406 731:
1700 1363 1838 1399 multis
1880 1364 1923 1399 in

1194 1425 1293 1461 locis
1319 1434 1525 1460 sermones
1552 1427 1589 1459 et
1617 1423 1829 1458 contiones
1854 1423 1925 1458 ha-

1194 1484 1341 1519 bentur
1380 1494 1403 1518 a
1443 1483 1611 1518 nostris:
1639 1481 1805 1522 fructus,
1840 1481 1924 1516 731-

1195 1543 1280 1587 73'2:
1322 1546 1578 1589 peccatorum
1625 1541 1923 1583 conversiones,

1196 1602 1280 1646 733:
1307 1602 1478 1637 dissidia
1504 1600 1730 1646 composita
1755 1600 1796 1634 in
1828 1599 1924 1635 vici—

1197 1662 1274 1701 nia,
1301 1661 1387 1703 55ος
1415 1659 1650 1695 nosocomia
1677 1659 1923 1700 invisuntur,

1198 1720 1275 1761 110,
1301 1719 1388 1759 353:
1419 1721 1460 1754 et
1496 1729 1686 1759 carceres,
1727 1718 1804 1759 110,
1841 1717 1921 1758 353,

1193 1779 1285 1822 544;
1324 1777 1585 1824 congregatio
1624 1776 1819 1823 quaedam
1856 1776 1923 1822 pia

1195 1838 1516 1874 contionatorem
1551 1847 1599 1872 ex
1635 1835 1786 1871 nostris
1821 1835 1922 1881 petit

1194 1900 1234 1932 et
1260 1896 1428 1936 obtinet,
1466 1895 1644 1938 354-355;
1676 1895 1833 1940 piorum
1861 1894 1920 1929 vi-

1195 1967 1328 1992 rorum
1357 1958 1482 2001 gesta,
1507 1954 1595 1993 547:
1626 1954 1714 1989 falsi
1740 1963 1922 1989 rumores

1193 2018 1335 2051 contra
1364 2014 1520 2050 Patrem
1561 2013 1769 2050 Salmeron
1807 2023 1920 2058 spar-

1196 2077 1358 2120 guntur,
1386 2073 1469 2117 734;
1499 2073 1580 2108 Sta.
1611 2071 1738 2107 Maria
1775 2072 1823 2106 de
1850 2070 1922 2106 Lo-

1194 2136 1292 2171 reto.
1318 2133 1406 2173 377:
1446 2131 1535 2168 coll.
1575 2134 1716 2172 rector,
1754 2142 1788 2166 v.
1816 2129 1922 2165 Men—

1192 2192 1302 2233 doza,
1347 2190 1682 2236 Christophorus;
1725 2189 1922 2235 Maggius,

1193 2250 1456 2289 Laurentius:
1495 2260 1652 2296 prorex,
1679 2260 1714 2284 v.
1740 2248 1846 2283 Afan
1872 2247 1921 2283 de

1193 2309 1352 2349 Bibera,
1380 2309 1533 2344 Petrus.

1148 2367 1324 2413 Nebrija,
1351 2367 1555 2403 Antonius
1581 2367 1641 2409 de,
1667 2366 1815 2412 script„
1840 2365 1920 2401 306.

1146 2426 1349 2467 Nicolaus,
1374 2426 1423 2467 S„
1442 2427 1530 2462 eius
1548 2426 1695 2461 festum
1715 2425 1793 2471 piis
1811 2435 1921 2460 exer-

1194 2486 1304 2521 citiis
1333 2486 1556 2521 honoratur
1583 2484 1788 2530 Segoviae‚
1820 2483 1896 2519 135.

1149 2544 1351 2587 Nicolaus,
1372 2544 1409 2579 S.
1429 2544 1468 2586 1.,
1494 2545 1551 2579 49.

1146 2624 1188 2629 ——
1216 2603 1512 2644 dionantensis,
1540 2603 1578 2639 S.
1601 2602 1641 2645 1.,
1667 2602 1747 2637 379.

1147 2661 1283 2697 Nilum
1310 2661 1471 2703 flumen,
1498 2662 1624 2708 origo,
1650 2661 1730 2696 567.

1147 2721 1383 2767 Ninguarda
1425 2732 1448 2756 a
1490 2720 1710 2762 Morbenio,
1749 2719 1919 2755 Felicia-

1192 2790 1280 2822 nus,
1319 2779 1361 2816 Ο.
1390 2779 1441 2821 Ρ.,
1479 2780 1599 2826 episc.
1638 2778 1917 2824 suffraganeus

1189 2838 1517 2885 salisburgensis,
1540 2838 1702 2873 fratrem
1722 2847 1840 2873 suum
1867 2837 1919 2872 ad

1192 2896 1435 2932 Societatem
1462 2897 1600 2939 mittit,
1625 2896 1705 2931 463.

1144 2955 1256 2997 Noci,
1290 2955 1527 2991 Vincentius
1565 2954 1679 2997 delle,
1707 2954 1745 2990 S.
1760 2954 1798 2997 1.,
1836 2954 1919 2996 574,

1192 3014 1270 3050 743.

1145 3072 1359 3119 Nogueira,
1384 3073 1464 3109 6024.
