2099 3516
428 267 498 303 466
898 268 1101 305 LITTERAE
1126 268 1471 313 QUADmMnsrl-ms

381 384 594 435 oppidum
625 385 869 436 (sepultura
910 386 1076 425 scilicet
1123 385 1255 432 asini)
1298 392 1314 410 ³
1355 386 1467 423 terre
1513 383 1718 424 conditus
1755 387 1834 424 est.
1877 385 1996 425 Haec

381 451 500 498 sunt,
532 448 623 490 R.de
650 450 698 489 in
732 450 808 489 X.0
842 451 930 497 Pr„
970 462 1083 501 quae
1112 450 1241 489 nobis
1270 460 1364 488 sese
1393 459 1511 488 nunc
1540 448 1731 488 offerunt
1763 451 1836 489 tue
1874 448 1996 490 R.<¹³e

383 514 429 554 Ρ.
462 514 707 554 scribenda.
740 515 990 563 Precamur,
1022 518 1066 555 vt
1108 515 1258 554 eadem
1289 512 1385 552 R.da
1414 513 1460 552 P.
1493 515 1570 552 tua
1608 514 1693 552 'nos
1734 513 1852 554 filios
1890 525 1996 554 suos

382 578 428 618 in
457 579 551 618 suis
588 579 864 619 orationibus
894 582 935 619 et
977 579 1204 629 sacrificijs
1238 589 1375 628 vsque
1408 577 1498 616 Deo
1532 577 1819 617 commendet.
1848 578 1995 629 lugol-

381 643 511 694 stadij
544 639 749 683 Calendis
779 643 996 694 Septemb.
1029 655 1147 682 anno
1178 643 1291 681 1561.
1327 642 1377 680 In
1406 640 1581 681 Christo
1610 641 1743 682 filius.

1329 729 1557 769 HENRICUS
1588 729 1830 770 ARBOREUS
1858 732 1885 770 ¹.

484 819 836 869 Quadrimestres
864 819 1231 870 ingolstadianae.

1130 1075 1243 1124 564

718 1215 1207 1266 STEPHANUS
1280 1214 1638 1264 TUCCIUS

846 1352 1030 1378 MESSANA
1058 1342 1074 1376 1
1103 1351 1349 1377 SEPTEMBms
1385 1340 1471 1376 1561
1498 1340 1524 1376 ².

376 1477 413 1512 1.
443 1472 674 1512 Sociorum
715 1485 946 1519 numerus,
991 1483 1192 1520 munera,
1224 1471 1441 1518 valetudo,
1474 1471 1714 1521 disciplina
1761 1472 1989 1521 religiosa.

483 1538 707 1576 Alacriter
736 1550 886 1576 omnes
915 1539 963 1576 in
992 1537 1154 1576 scholis
1183 1537 1221 1575 et
1251 1538 1300 1574 in
1330 1536 1488 1585 templo
1521 1536 1740 1575 laborant.
1763 1558 1814 1563 —-
1844 1540 1887 1574 2.
1919 1537 1994 1575 At-

483 1615 563 1652 que
592 1604 731 1641 unius
759 1602 941 1641 hortatu
970 1602 1093 1651 filius
1122 1602 1330 1640 occissori
1360 1601 1523 1639 matris
1564 1613 1674 1640 suae
1706 1602 1909 1649 iynoscit.
1941 1623 1994 1628 —

483 1671 524 1706 3.
554 1667 682 1705 Aliae
718 1679 850 1716 paces
892 1667 1233 1716 componuntur.
1267 1688 1316 1692 —
1343 1669 1387 1704 4.
1421 1664 1776 1704 Concubinarius
1818 1667 1932 1705 mire
1965 1679 1993 1705 a

476 1733 651 1782 peccato
680 1732 855 1770 recedit.
883 1753 932 1758 —
954 1735 995 1770 5.
1024 1731 1179 1780 Aliqui
1207 1732 1327 1769 viam
1353 1730 1638 1780 perfectionis
1665 1731 1838 1770 ineunt.
1869 1752 1920 1757 —
1949 1735 1991 1770 6.

480 1797 661 1846 Aegroti
689 1796 729 1835 et
757 1796 923 1835 milites
946 1808 1031 1845 pro
1061 1796 1332 1845 confessione
1360 1795 1683 1834 exaudiuntur.
1702 1817 1753 1821 —
1775 1799 1815 1834 7.
1845 1796 1992 1835 Resti-

482 1862 676 1900 tuuntur
704 1861 820 1900 male
842 1861 994 1910 parta.
1018 1882 1068 1886 —
1098 1864 1139 1899 8.
1174 1860 1407 1899 Contiones
1436 1860 1775 1899 continuantur.
1800 1882 1849 1887 —
1872 1864 1991 1900 9-13.

481 1926 667 1973 Proreoe,
705 1926 844 1964 Patre
883 1925 1153 1974 provinciali
1197 1925 1427 1972 excitante,
1473 1937 1606 1974 opera
1648 1937 1739 1963 non
1761 1937 1913 1975 pauca
1941 1927 1991 1964 in

480 2003 758 2029 communem
799 1991 1043 2029 utilitatem
1085 1990 1358 2038 exsequitur.
1409 2011 1460 2016 ——
1505 1993 1655 2028 1445.
1702 1990 1992 2030 Annituntur

481 2067 650 2105 quoque
669 2056 779 2094 socii
807 2056 856 2093 ut
887 2055 1124 2093 monachae
1142 2055 1403 2104 religiosam
1424 2054 1713 2104 disciplinam
1734 2055 1774 2093 et
1794 2067 1991 2094 commu-

481 2132 580 2158 nem
610 2120 748 2158 vitam
778 2119 1017 2158 observent.

455 2254 491 2293 1.
522 2254 551 2303 †
578 2253 672 2292 Jhs.
705 2253 795 2292 Pax
825 2251 1003 2293 Christi.
1053 2254 1132 2292 ete.
1185 2252 1340 2304 [Epist.
1373 2253 1512 2304 orda]
1558 2252 1606 2293 Ci
1653 2253 1913 2293 ritrouiamo
1942 2253 1990 2293 in

374 2319 529 2367 questo
557 2316 743 2367 collegio
772 2316 828 2355 da
856 2318 1072 2367 quaranta
1102 2318 1179 2363 tre,
1211 2316 1281 2355 dei
1311 2316 1433 2367 quali
1462 2328 1578 2356 noue
1607 2328 1717 2356 sono
1755 2317 1986 2365 sacerdoti,

373 2384 416 2421 et
444 2381 488 2420 di
518 2381 662 2432 questi
692 2393 781 2421 uno
810 2381 832 2420 e
861 2379 879 2405 b
912 2381 943 2420 il
973 2381 1020 2420 P.
1053 2381 1229 2420 Rettore
1258 2383 1287 2428 3,
1320 2381 1476 2421 l’altro
1508 2381 1725 2429 ministro,
1766 2393 1828 2421 un
1875 2382 1989 2421 altro

434 2536 450 2554 a
473 2528 701 2569 sepulturam
724 2528 783 2567 (.s.
807 2527 921 2567 asini)
945 2536 1015 2559 ms.
1030 2546 1069 2549 —
1092 2527 1110 2553 b
1131 2526 1149 2559 e
1172 2536 1298 2568 supra
1321 2536 1423 2560 vers.

434 2665 444 2681 ¹
467 2663 508 2694 In
531 2662 719 2703 responsis
742 2662 840 2694 datis
863 2671 960 2693 anno
984 2662 1064 2693 1562
1097 2661 1142 2693 ad
1175 2662 1485 2703 interrogationes
1509 2662 1546 2695 P.
1573 2662 1689 2695 Nadal
1712 2662 1770 2704 (ΙΙ,
1795 2662 1872 2704 612)
1896 2662 1987 2695 dicit

372 2724 410 2747 se
433 2724 513 2747 esse
536 2724 581 2746 ex
603 2714 737 2755 oppido
760 2714 848 2746 Peer
870 2714 1049 2746 dioecesis
1071 2714 1281 2753 leodiensis,
1306 2715 1347 2747 30
1369 2715 1504 2747 aetatis
1534 2724 1651 2747 annos
1675 2715 1822 2751 habere,
1847 2716 1883 2747 et
1905 2715 1925 2746 6
1947 2714 1987 2746 in

371 2766 554 2800 Societate
575 2767 716 2799 vixisse
734 2778 740 2801 :
766 2775 846 2798 esse
869 2766 1094 2798 sacerdotem
1111 2768 1146 2798 et
1162 2767 1312 2808 linguae
1335 2776 1487 2808 graecae
1510 2767 1763 2809 professorem.
1780 2766 1912 2800 Confer
1933 2767 1986 2799 sis

370 2819 494 2860 Epist.
519 2819 562 2852 P.
576 2819 722 2855 Nadal,
749 2819 794 2858 II,
811 2819 966 2855 554-555;
992 2818 1300 2851 BRAUNSBERGER:
1319 2819 1362 2852 B.
1380 2819 1490 2852 Petri
1520 2819 1676 2852 Canisii
1692 2819 1830 2861 Epist„
1849 2819 1894 2859 ΙΙ,
1912 2819 1984 2859 454,

371 2873 496 2904 annot.
530 2873 558 2904 1.

432 2926 444 2944 ⁵³
466 2925 519 2957 Ex
542 2925 675 2966 origin.
700 2925 739 2956 in
772 2924 851 2957 cod.
885 2923 963 2956 Sic.
989 2924 1070 2960 181,
1105 2923 1140 2956 ff.
1169 2925 1320 2961 231-232:
1356 2925 1460 2966 prius
1495 2926 1642 2959 101-102.
1667 2925 1883 2967 Sequuntur
1912 2925 1986 2957 duo

370 2978 536 3019 exempla
558 2978 677 3010 latina
699 2978 737 3009 in
760 2977 795 3010 ff.
820 2978 969 3010 233-236.

432 3032 445 3050 ⁸
466 3030 503 3063 P.
528 3030 703 3062 Pantaleo
726 3029 880 3062 Rodino.
