2099 3516
537 243 616 280 549.
644 261 687 267 —
715 243 856 280 EBORA
881 242 928 278 026
954 242 1140 278 Auous'm
1167 241 1253 277 1561
1597 240 1664 276 401

194 364 253 402 da
282 365 332 402 in
376 363 561 402 Indiam
585 363 873 413 profecturus
914 362 1108 400 Eboram
1151 374 1249 400 oum
1292 362 1425 399 sociis
1454 361 1587 398 venit.
1623 360 1714 399 Alii

192 428 277 467 hac
321 428 623 467 adventantes.
656 450 705 454 —
733 431 778 467 4.
810 427 1073 465 Humiliora
1115 426 1262 476 officia
1290 426 1577 464 vacationum
1608 425 1714 463 tem-

188 505 314 542 pore.
347 515 398 518 —
427 497 518 531 5-6.
566 492 782 532 Caritatis
824 504 958 542 opera
1000 503 1107 541 erga
1149 502 1323 529 carcere
1364 490 1576 536 inclusos,
1607 501 1714 538 erga

194 557 488 607 aegrotantes,
537 557 784 596 Contiones.
827 556 1055 595 Laborum
1096 556 1286 605 fractus
1316 577 1367 581 —
1398 558 1438 593 ⁰7.
1478 554 1716 593 Scholasti-

193 634 348 661 cor‘am
378 635 538 661 mores.
584 623 820 672 Profectus
847 623 897 660 in
925 621 1104 660 studiis.
1135 621 1409 659 Litterariae
1437 620 1714 658 exercitatio-

194 699 286 726 neS.
328 689 546 727 Praemia
588 688 765 736 collata.
811 687 1052 725 Examina.
1101 707 1148 712 —
1192 689 1234 724 8.
1272 685 1462 724 Aedium
1488 684 1712 734 perfectio.

193 753 380 792 Henrici
406 755 627 804 principis
656 753 969 792 benevolentia.

170 876 206 915 1.
239 877 267 926 ἦ
298 876 436 915 Iesus.
461 875 720 915 Venerande
745 875 984 914 admodum
1014 874 1062 914 in
1092 874 1169 913 X.0
1199 874 1269 913 Pr.
1295 873 1386 912 Pax
1416 871 1484 912 X.i
1521 871 1630 912 Cum
1660 871 1715 916 ad

87 940 252 980 calcem
288 940 590 991 proximarum
633 940 879 980 litterarum
914 940 969 979 ad
999 941 1055 987 te,
1087 938 1337 978 venerande
1380 938 1469 985 Pr„
1501 937 1715 988 scriptum

88 1005 222 1046 fuerit
250 1013 284 1053 ἃ,
315 1017 411 1045 esse
440 1006 656 1057 quosdam
686 1017 739 1045 ex
770 1005 949 1052 nostris,
980 1005 1057 1056 qui
1087 1004 1334 1055 periculose
1375 1003 1655 1054 aegrotarent
1685 1004 1714 1048 1,

88 1082 333 1122 congruere
363 1070 555 1119 uidetur,
586 1072 645 1110 ut.
664 1070 736 1110 his
765 1070 925 1109 litteris
955 1069 1097 1120 primo
1130 1069 1184 1108 de
1213 1080 1365 1108 eorum
1409 1078 1616 1107 successu
1646 1078 1717 1106 ex—

87 1135 329 1186 plicemus3
363 1138 512 1186 postea
544 1147 650 1175 uero
680 1135 735 1175 ad
764 1135 852 1174 alia
875 1137 1168 1181 transeamus,
1191 1145 1305 1184 quae
1333 1144 1379 1172 se
1409 1132 1492 1171 hoc
1522 1133 1717 1182 tempore

87 1202 191 1240 tuae
221 1200 268 1240 P.
302 1200 536 1240 scribenda
564 1200 771 1240 offerunt.
794 1200 920 1240 Vnus
940 1201 1034 1239 erat
1053 1211 1106 1239 ex
1126 1198 1321 1250 aegrotis
1344 1197 1594 1237 Matthaeus
1624 1208 1717 1248 ger-

90 1277 266 1314 manus,
298 1266 375 1317 qui
405 1278 504 1306 cum
535 1266 701 1313 decem,
733 1267 809 1305 aut
839 1267 937 1305 octo
967 1265 1137 1308 dierum
1182 1264 1342 1315 spatio,
1375 1274 1584 1314 magnam
1617 1273 1717 1301 san-

88 1331 240 1387 guinis
260 1331 432 1382 copiam
453 1331 741 1379 euomuisset,
759 1330 955 1382 grauiter
974 1329 1238 1381 aliquandiu
1255 1328 1489 1376 laborauit.
1508 1326 1718 1367 Reualuit

87 1398 237 1436 tamen
267 1396 345 1436 Χ.0
380 1397 537 1448 gratia,
569 1398 611 1436 et
640 1396 726 1435 iam
759 1396 890 1446 plane
932 1395 1221 1435 confirmatus
1249 1396 1329 1434 est.
1361 1393 1491 1440 Alius
1520 1394 1613 1432 erat
1644 1392 1713 1432 Pr.

88 1461 140 1501 D.
173 1461 460 1510 Franciscus;
492 1461 566 1501 hic
594 1461 727 1501 etiam
758 1461 845 1514 iam
877 1460 1045 1512 pridem
1077 1459 1342 1511 sanguinem
1371 1458 1645 1505 euomuemt,
1677 1458 1718 1496 et

88 1526 286 1566 calculos
315 1527 448 1566 etiam
477 1526 694 1578 quosdam
725 1526 856 1566 initio
894 1525 1031 1566 huius
1073 1524 1257 1564 extremi
1300 1524 1459 1571 morbi,
1491 1535 1543 1562 ex
1572 1521 1717 1562 tenaci

89 1604 328 1643 crassaque
371 1592 531 1643 pituita
566 1592 613 1632 ui
642 1592 804 1632 caloris
834 1591 879 1631 in
910 1590 928 1617 b
964 1591 1174 1642 pulmone
1212 1590 1455 1633 concretos,
1487 1600 1562 1628 ore
1590 1587 1718 1627 emit-

88 1657 223 1697 tebat.
256 1657 410 1697 Visum
443 1659 509 1697 est
538 1657 694 1697 diuino
720 1656 895 1697 numini
915 1668 1015 1696 eum
1046 1668 1099 1695 ex
1128 1654 1265 1695 huius
1293 1653 1492 1705 corporis
1522 1652 1717 1697 uinculis

88 1722 143 1767 ad
173 1723 405 1762 caelestem
426 1723 615 1774 patriam
636 1734 823 1762 euocare
851 1734 901 1761 ea
930 1723 1073 1770 nocte,
1095 1732 1209 1772 quae
1229 1718 1500 1760 sacrosancti
1531 1716 1600 1758 Χ.ἰ
1626 1729 1718 1757 cor-

88 1787 209 1839 poris
238 1787 399 1827 festum
429 1788 628 1839 proxime
657 1789 808 1828 secuta
836 1789 903 1827 est
930 1788 961 1835 2,
983 1799 1084 1827 cum
1115 1789 1202 1826 tres
1231 1796 1421 1832 menses‚
1453 1786 1495 1823 et
1524 1782 1718 1834 amplius

91 1853 263 1904 magnis
293 1853 522 1892 laboribus
564 1853 883 1903 doloribusque
925 1852 1204 1905 conflictatus
1233 1852 1363 1896 esset,
1395 1849 1561 1900 quibus
1590 1848 1718 1887 illum

89 1918 209 1958 Deus
230 1918 310 1970 Op.
335 1919 390 1958 M.
410 1919 741 1969 aliquantulum
765 1918 916 1958 uexari
938 1917 1098 1965 uoluit,
1130 1919 1343 1966 tanquam
1364 1915 1507 1954 filium
1527 1912 1720 1953 dilectis-

88 1984 268 2032 simum,
300 1986 342 2023 et
384 1984 575 2023 aeternis
620 1983 830 2034 praemijs
872 1982 1073 2034 egregias
1120 1982 1217 2034 eius
1259 1980 1449 2020 uirtutes
1491 1977 1718 2030 copiosius

91 2061 396 2092 remunerare:
444 2049 787 2089 renunciauerat
816 2048 935 2088 enim
979 2048 1051 2087 hic
1080 2048 1212 2098 plane
1241 2046 1451 2086 omnibus
1480 2045 1613 2084 rebus
1642 2043 1720 2083 hu-

89 2115 236 2154 manis
270 2122 299 2163 0,
328 2116 461 2166 atque
491 2114 627 2154 huius
669 2114 788 2154 uitae
817 2113 1007 2154 uanitati
1050 2124 1161 2164 pene
1191 2114 1394 2151 mortuus
1423 2111 1466 2150 et
1498 2109 1717 2160 sepultus,

89 2180 203 2220 nihil
233 2182 405 2230 praeter
433 2180 512 2219 Dei
542 2180 730 2231 gloriam
759 2181 801 2219 et
835 2179 1050 2219 honorem
1080 2178 1335 2229 quaerebat,
1359 2176 1479 2216 hunc
1508 2174 1594 2214 sibi
1625 2186 1720 2214 sco-

88 2257 195 2296 pum
237 2245 284 2285 in
317 2245 527 2285 omnibus
568 2245 688 2285 uitae
730 2245 983 2285 actionibus
1026 2246 1330 2295 proposuerat,
1362 2252 1534 2292 suoque
1577 2251 1720 2279 exem·

91 2311 166 2362 plo
210 2311 367 2350 fratres
396 2311 452 2350 ad
482 2322 615 2361 quam
660 2309 1026 2361 perfectissimam
1069 2309 1202 2359 officij
1248 2307 1464 2347 rationem
1509 2305 1721 2345 incitaue-

93 2378 175 2416 rat.
209 2376 312 2415 Erat
355 2376 473 2416 enim
504 2375 580 2415 ille
611 2375 742 2415 nobis
785 2375 1010 2418 omnibus.
1042 2377 1136 2414 tum
1179 2385 1333 2421 sanus,
1373 2374 1465 2414 tum
1497 2372 1719 2422 aegrotus,

92 2442 250 2482 uiuum
293 2441 517 2493 quoddam
546 2440 563 2467 ὅ
594 2441 819 2492 exemplar
860 2441 1061 2480 omnium
1104 2439 1338 2486 uirtutum,
1379 2437 1571 2478 maxime
1614 2446 1720 2475 uero

93 2507 372 2547 obedientiae
400 2509 443 2546 et
472 2506 727 2558 patientiae,
759 2506 924 2557 quibus
954 2507 1263 2556 praeterquam
1293 2503 1412 2554 quod
1441 2504 1637 2549 caeteros
1666 2500 1721 2540 ad

91 2572 386 2617 imitationem
416 2571 737 2620 inflammabat,
768 2583 923 2611 omnes
952 2572 1085 2611 etiam
1116 2582 1194 2622 pro
1238 2572 1327 2609 tam
1371 2567 1548 2618 eximijs
1578 2566 1721 2606 uirtu-

92 2637 213 2678 tibus
243 2638 299 2677 ad
329 2637 603 2677 immortales
632 2637 798 2688 gratias
828 2637 918 2676 Deo
948 2636 1144 2688 agendas
1186 2634 1458 2686 impellebat.
1490 2632 1720 2672 Caeterum

155 2806 173 2824 a
194 2797 356 2830 Emend.
381 2806 429 2830 ea·
450 2797 534 2829 fuit.
560 2816 599 2819 —-
622 2797 641 2823 b
662 2797 701 2829 in
724 2796 850 2838 supra
874 2806 977 2829 vers.
1002 2816 1041 2819 —
1065 2805 1079 2824 c
1105 2796 1273 2828 Videtur
1304 2794 1454 2828 emend.
1478 2803 1526 2827 ex
1552 2792 1724 2826 humani—

96 2851 178 2883 bus.
204 2869 243 2873 —
265 2851 284 2878 d
312 2850 440 2883 L'nnm
464 2851 486 2883 d
509 2859 636 2892 supra
665 2859 768 2883 vers.

155 2989 165 3005 ¹
188 2986 234 3018 Vi
262 2995 281 3018 e
331 3012 338 3019 .
363 2986 435 3018 0237.

154 3042 168 3059 ²
190 2986 400 3072 Andnop1561
426 3039 614 3072 festivitas
637 3039 810 3081 Corporis
834 3038 975 3072 Christi
999 3039 1130 3071 incidit
1155 3039 1195 3070 in
1218 3038 1253 3071 d.
1277 3038 1297 3070 5
1319 3037 1431 3070 Iunii.

163 3128 326 3156 [nmmum
348 3128 626 3162 QUADMMESTRES.
647 3143 681 3147 —
700 3127 781 3155 ΤοΜ.
802 3127 870 3155 vn.
1618 3126 1652 3153 QG

1764 216 1781 231 O
