2099 3516
505 249 586 286 575.
614 270 656 276 —
684 249 882 285 TREVIRIS
907 248 930 283 4
956 245 1212 283 SEPTEMBms
1240 245 1329 281 1561
1617 244 1682 281 531

104 371 202 412 rina
230 369 560 422 pronunciatio,
592 369 640 408 in
670 367 926 419 genuinam,
949 367 992 405 et
1014 364 1297 404 vernaculam
1327 363 1475 403 subito
1507 363 1725 402 restituat.

105 436 222 477 Huic
250 435 336 486 ipsi
366 435 475 474 haec
503 441 521 460 a
543 432 774 484 prouincia
810 432 992 481 insuper
1034 429 1299 469 demandata
1344 431 1424 476 est,
1473 429 1515 466 vt
1558 428 1733 466 traditis

105 501 265 552 cuique
286 500 470 547 ssandro,
495 499 563 538 vel
585 498 703 549 gallo
730 497 816 549 pijs
845 495 1115 548 quibusdam
1136 494 1302 533 libellis
1323 493 1604 545 germanicis.
1628 504 1735 543 quo-

106 566 212 606 tidie
240 575 599 616 vnumquemque
629 563 800 614 aliquot
832 560 1034 612 periodos
1064 560 1281 610 legentem
1313 558 1479 605 audiat,
1513 557 1628 608 quod
1657 557 1734 608 qui

104 632 329 682 praestare
358 641 448 669 non
479 630 636 680 potest,
657 628 695 667 is
717 628 772 667 ad
793 625 1159 677 orthographiam
1180 634 1420 674 puerorum
1442 634 1562 662 more
1583 623 1735 673 alpha-

105 695 374 736 betariorum
406 706 459 734 ex
488 694 629 733 literis
651 693 862 745 syllabas,
894 703 947 730 ex
977 689 1164 741 syllabis
1186 689 1403 728 dictiones
1424 687 1735 739 conglutinan-

105 761 216 801 tium
247 759 499 799 remittitur.
537 758 782 798 Conciones
812 757 1051 807 praeterea,
1092 756 1133 794 et
1164 754 1257 793 toni
1287 764 1545 793 communes
1583 752 1735 792 eadem

104 826 238 866 etiam
268 825 422 876 lingua
443 823 798 875 pronunciantur
817 821 1061 860 etiamnum
1091 820 1147 858 ab
1168 819 1239 870 ijs,
1272 818 1347 870 qui
1371 818 1446 857 vix
1481 817 1565 856 tria
1587 818 1733 858 verba.

105 903 193 942 qua
221 891 344 930 decet
364 889 550 935 ratione,
574 889 762 940 possunt
782 889 990 938 proterre.
1015 885 1135 924 Neue
1166 897 1255 924 non
1277 884 1387 923 satis
1426 883 1565 922 videri
1587 884 1734 934 queat,

105 956 144 996 si
174 956 220 995 in
269 955 392 1007 ferijs
438 956 611 994 tantum
659 954 959 997 exerceantur,
1010 962 1065 990 ne
1112 962 1188 989 eae
1236 949 1416 1000 quidem
1463 948 1736 988 succissiuae

105 1021 305 1066 horulae,
337 1032 451 1071 quae
480 1021 581 1070 post
614 1019 841 1069 sumptum
871 1016 1020 1056 cibum
1066 1014 1327 1054 recreationi
1358 1013 1539 1053 concedi
1575 1013 1734 1060 solent,

105 1087 161 1126 ab
191 1086 274 1125 hac
305 1085 496 1125 formula
526 1084 748 1124 immunes
795 1084 915 1122 sunt.
948 1082 1024 1120 Est
1054 1081 1181 1120 lusus
1211 1092 1367 1131 genus,
1404 1079 1521 1130 quod
1552 1078 1698 1130 globis
1719 1077 1737 1103 b

106 1163 183 1203 per
211 1150 426 1190 annulum
474 1150 662 1189 ferreum
702 1149 764 1195 fit,
810 1147 1033 1198 germanis
1063 1146 1410 1196 haudquaquam
1452 1144 1733 1195 infrequens:

105 1217 190 1256 hoc
220 1216 369 1268 plures
398 1217 590 1266 quatuor
619 1226 710 1253 non
741 1212 911 1263 recipit,
944 1212 1008 1251 sic
1039 1213 1084 1250 vt
1113 1211 1201 1250 duo
1231 1210 1422 1258 duobus,
1455 1210 1524 1248 vel
1569 1209 1736 1260 singuli

106 1281 299 1333 singulis
327 1280 684 1320 committantur:
721 1278 847 1317 victis
877 1277 1119 1317 succedunt
1142 1276 1234 1327 alij.
1269 1276 1387 1314 Inter
1416 1275 1676 1321 ludendum,
1700 1274 1737 1313 si

106 1347 175 1386 vel
205 1345 468 1386 commissos
498 1345 624 1393 inter,
657 1344 725 1384 vel
755 1345 1025 1394 spectatores
1055 1341 1159 1388 ali0,
1191 1352 1323 1391 quam
1355 1340 1608 1391 germanico
1630 1339 1739 1379 idio-

107 1413 222 1451 mate
251 1410 374 1462 loqui
404 1410 648 1461 contingat,
682 1421 772 1448 non
816 1408 997 1459 impune
1028 1407 1073 1446 id
1104 1405 1308 1452 fecerint;
1355 1405 1431 1445 sed
1477 1405 1545 1444 vel
1588 1404 1738 1444 cedere

106 1477 209 1528 alijS
238 1477 459 1527 coguntur
488 1475 705 1523 ludentes,
739 1474 806 1513 vel
836 1472 1107 1513 eminentius
1141 1471 1323 1522 aliquod
1353 1482 1509 1510 saxum
1531 1481 1740 1509 conscen-

106 1542 223 1591 dere,
256 1542 323 1580 vel
353 1541 479 1580 humi
510 1540 676 1587 sedere,
707 1539 846 1579 donec
876 1538 1000 1578 aliud
1030 1538 1282 1588 imperetur.
1316 1535 1361 1575 Si
1394 1548 1495 1575 vero
1525 1537 1740 1585 spectato-

107 1619 176 1647 res
197 1607 251 1646 ad
273 1606 476 1646 eumdem
498 1605 554 1644 im
564 1605 753 1656 pingunt
773 1604 982 1655 lapidem,
1002 1603 1193 1654 perdunt
1214 1602 1284 1641 ius
1305 1601 1569 1641 succedendi
1594 1600 1736 1647 victis,

107 1672 176 1712 vel
205 1672 294 1713 alia
323 1683 465 1723 poena
495 1670 780 1711 mulctantur.
815 1670 880 1709 Ita
910 1669 972 1717 fit,
1006 1671 1051 1707 vt
1082 1668 1224 1719 magis
1255 1666 1484 1717 magisque
1528 1666 1739 1705 omnibus

107 1738 185 1778 illa
228 1738 384 1789 lingua
426 1737 702 1776 innotescere
732 1735 930 1786 incipiat.
981 1735 1139 1774 Verum
1176 1733 1285 1772 haec
1319 1732 1535 1771 hactenus
1565 1731 1617 1770 de
1665 1731 1741 1770 do—

108 1803 316 1843 mesticis.

186 1869 224 1908 5.
258 1869 402 1908 Locus
444 1867 531 1906 iam
579 1866 801 1918 postulare
838 1865 1026 1912 videtur,
1060 1866 1119 1911 vt,
1153 1875 1266 1914 quae
1301 1863 1346 1902 in
1377 1862 1544 1901 scholis
1576 1861 1741 1900 nostiis

108 1936 317 1986 aguntur,
350 1945 440 1973 non
470 1932 776 1983 1elinquamus
806 1931 985 1970 intacta.
1019 1929 1113 1969 Non
1151 1931 1217 1968 est
1246 1909 1417 1977 (fateor)
1451 1928 1489 1967 is
1510 1927 1742 1966 scholasti-

108 2012 259 2040 corum
291 2010 518 2046 numerus,
541 1997 617 2049 qui
652 1999 905 2048 praecept01
911 2009 980 2035 um
1012 1993 1324 2046 expectationi
1361 1995 1438 2032 aut
1459 1993 1531 2043 pio
1562 1992 1741 2031 illoium

108 2064 464 2117 quamplurimos
485 2063 672 2103 iuuandi
693 2062 913 2102 desiderio
944 2061 1077 2100 faciat
1097 2059 1219 2099 omni
1250 2071 1302 2098 ex
1334 2061 1454 2110 parte
1476 2058 1609 2105 satis,
1633 2057 1741 2096 adeo

108 2132 255 2170 tamen
288 2129 401 2168 nihil
451 2128 586 2179 priori
620 2127 830 2174 decreuit,
876 2126 985 2176 quin
1033 2125 1184 2164 multis
1214 2136 1314 2163 eum
1362 2123 1449 2162 iam
1497 2123 1743 2162 habeamus

110 2195 372 2247 parasangis
392 2194 648 2234 auctiorem.
668 2193 828 2233 Schola
850 2192 966 2232 enim
992 2191 1245 2234 rhetorices,
1278 2202 1390 2241 quae
1422 2189 1743 2240 posterioribus

109 2259 510 2311 quadrimestribus
540 2261 551 2283 1
583 2258 813 2299 duodecim
846 2258 1054 2304 habebat,
1088 2257 1174 2296 iam
1206 2256 1261 2295 ad
1290 2256 1361 2301 242
1395 2255 1553 2294 classis
1588 2255 1741 2294 huma·

110 2325 264 2365 nitatis
293 2337 320 2364 a
347 2325 399 2364 36
428 2325 482 2364 ad
512 2325 564 2363 6ss
593 2324 802 2363 excreuit.
837 2323 979 2362 Habet
1015 2322 1187 2373 logicus
1217 2320 1464 2361 duodecim.
1512 2319 1742 2359 Coeterum

112 2403 323 2430 numerus
371 2390 626 2430 auditorum
675 2388 927 2440 theologiae
975 2388 1035 2427 ita
1066 2388 1261 2426 incertus
1309 2388 1389 2429 est.
1426 2388 1466 2424 vt
1516 2385 1590 2423 vix
1636 2384 1742 2423 certi

110 2456 339 2508 quippiam
370 2468 394 2495 a
418 2455 546 2495 nohis
576 2455 710 2494 scribi
742 2454 896 2505 possit.
922 2453 1149 2493 Interdum
1171 2452 1290 2491 enim
1319 2452 1385 2499 40,
1419 2461 1743 2501 nonnunquam

109 2522 178 2570 30,
209 2533 306 2561 raro
337 2524 481 2561 autem
514 2520 746 2571 pauciores
776 2520 905 2559 habet
938 2531 1071 2569 quam
1114 2519 1179 2558 020.
1215 2518 1351 2557 Porro
1381 2517 1469 2556 duo
1509 2515 1743 2567 praecipue

112 2588 327 2627 hactenus
356 2589 574 2626 remorata
603 2588 709 2625 sunt
742 2597 797 2625 ne
827 2597 908 2624 nos
929 2584 1116 2624 adirent.
1151 2584 1350 2623 Alterum
1387 2584 1467 2629 est,
1500 2581 1619 2632 quod.
1641 2580 1745 2619 infe-

112 2653 250 2693 riores
298 2652 575 2692 humanitate
622 2651 788 2691 classes
831 2651 981 2690 nullas
1029 2650 1298 2696 haheanuis3
1331 2660 1444 2699 quae
1473 2658 1607 2686 causa
1655 2657 1744 2684 non

112 2730 267 2770 parum
298 2718 463 2757 multos
492 2716 719 2763 deterruit,
751 2716 869 2767 quod
900 2717 1151 2755 nostrarum
1196 2726 1242 2753 se
1276 2713 1516 2753 lectionum
1561 2722 1744 2762 capaces

113 2784 204 2823 fore
224 2782 498 2830 diffiderent;
522 2794 612 2821 non
634 2793 798 2832 paucos
829 2781 1004 2832 magnis
1025 2780 1158 2819 etiam
1180 2779 1417 2819 itineribus
1438 2790 1464 2817 a
1487 2776 1744 2828 parentibus

174 2927 192 2946 a
212 2919 294 2952 Del.
319 2918 514 2960 prouincia
537 2918 595 2959 (ἒ).
620 2936 660 2940 —-
684 2917 701 2943 b
723 2917 805 2949 Del.
830 2916 960 2949 ferreis
984 2917 1042 2957 (2²).

178 3045 186 3062 ¹
211 3043 302 3077 Vide
326 3053 360 3084 p.
385 3043 446 3075 0202
470 3051 551 3084 sqq.
