2099 3516
445 280 514 316 320
915 280 1117 316 L1TTERAE
1143 280 1486 325 QuAanESTREs

401 398 607 437 nonnulli
639 410 740 449 prae
769 399 925 438 ceteris
956 398 1134 449 ingenio
1166 398 1381 448 pollentes
1427 396 1481 434 ad
1517 397 1713 434 nostram
1756 395 2015 435 Societatem

400 463 683 502 vehementer
712 463 887 502 inhiant
915 465 958 502 et
986 463 1188 501 ardenter
1209 461 1349 511 sucipi
1373 460 1467 512 [sic]
1490 460 1730 510 efflagitant,
1749 460 2015 500 desiderium

402 527 554 566 virtuti
584 528 865 577 copulantes3
900 539 1001 566 nam
1031 530 1072 566 et
1101 526 1333 566 deuocioni
1362 527 1477 564 totos
1506 536 1552 564 se
1581 525 1762 572 dedunt,
1794 526 1834 564 et
1864 525 1918 563 ad
1947 536 2017 564 xe-

402 591 622 630 nodochia
645 591 872 639 uisitandi‚
898 591 1157 631 consolandi
1180 602 1228 629 ac
1258 589 1433 628 touendi
1458 600 1671 639 pauperes
1691 588 1855 628 Christi
1876 589 2019 639 gratia

403 655 603 695 ueniunt.
638 656 862 695 Interdum
894 667 1069 706 quoque
1100 655 1315 705 publicas,
1348 653 1718 704 quemadmodum
1753 652 1848 703 ipsa
1880 664 1947 692 res
1976 654 2018 691 et

402 731 689 770 personarum
724 720 925 759 condicio
969 720 1147 771 patitur,
1180 718 1546 757 mortificaciones
1589 717 1771 756 faciunt.
1817 716 2018 756 Externis

402 795 426 823 6
456 784 646 834 populis,
677 787 720 824 et
749 785 967 824 interdum
1000 784 1129 834 longe
1159 783 1321 822 abhinc
1349 782 1535 829 dissitis,
1581 782 1697 821 bona
1739 793 1840 832 pars
1878 780 2019 820 scola-

403 848 615 888 sticorum
637 850 855 900 prouenit.

483 914 521 953 6.
555 914 604 953 In
634 914 728 953 dies
758 914 899 965 magis
928 926 977 953 ac
1008 913 1148 964 magis
1178 912 1409 953 Societatis
1438 914 1614 951 nostrae
1642 911 1812 962 puritas
1840 913 1882 950 et
1910 910 2019 950 veri-

406 980 473 1017 tas
502 978 670 1018 sincere
704 980 1014 1029 conprobatur,
1046 981 1086 1018 et
1118 979 1341 1029 perspecta
1384 976 1593 1015 omnibus
1634 976 1817 1022 efficitur,
1866 977 1909 1015 et
1949 986 2021 1015 ca-

405 1043 496 1082 lent
525 1055 678 1083 omnes
708 1046 873 1095 quanta
903 1056 1002 1083 cum
1047 1043 1237 1082 utilitate
1280 1045 1322 1081 et
1366 1042 1557 1092 profectu
1603 1041 1794 1081 filiorum
1837 1052 2019 1081 suorum

406 1109 522 1146 recta
549 1107 778 1148 institucio
806 1110 983 1147 nostrae
1012 1107 1243 1147 Societatis
1271 1106 1617 1146 commendatur.

485 1172 522 1210 7.
555 1172 722 1212 Domus
751 1174 930 1211 externa
960 1172 1112 1222 paucis
1141 1171 1304 1210 abhinc
1332 1170 1490 1209 diebus
1523 1169 1576 1208 ad
1621 1169 1914 1209 comodiorem
1946 1169 2022 1208 ha-

406 1235 650 1276 hitancium
695 1248 824 1276 usum
867 1236 1053 1276 dilatata
1094 1238 1182 1283 est3
1227 1235 1281 1274 ad
1325 1235 1550 1274 hortulum
1596 1236 1797 1274 nostrum
1827 1233 2021 1273 accessio

405 1300 533 1341 facta.
567 1301 774 1353 [Reliqua
802 1303 1006 1341 consueto
1028 1303 1183 1341 ordine
1202 1301 1457 1351 procedunt,
1488 1299 1582 1351 etc].
1616 1299 1844 1338 Belmonte
1873 1298 2022 1337 idibus

407 1365 508 1416 Maij
541 1378 658 1406 anno
687 1366 845 1405 salutis
876 1367 1052 1405 nostrae
1083 1365 1198 1405 1561.

514 1430 564 1470 D.
598 1431 648 1470 V.
682 1431 730 1470 P.
764 1430 977 1481 indignus
1008 1430 1055 1469 in
1084 1429 1162 1469 X.0
1210 1429 1342 1469 filius.

1721 1509 1908 1560 QUADRA
1939 1512 1966 1550 1.

1161 1744 1274 1793 528

799 1886 1212 1936 FRANCISCUS
1249 1885 1651 1935 STEPHANUS

949 2015 1132 2041 MESSANA
1162 2005 1204 2040 15
1230 2015 1321 2041 MAII
1350 2005 1435 2040 1561
1463 2005 1487 2040 2.

411 2131 448 2165 1.
479 2125 710 2164 Sociorum
753 2137 985 2163 numerus.
1026 2125 1252 2163 Valetudo.
1284 2146 1332 2150 —
1364 2128 1404 2162 2.
1437 2123 1617 2162 Scholae
1645 2124 1817 2172 florent.
1854 2122 2025 2162 Correc-
2070 2110 2099 2155 iv

518 2191 628 2229 toris
673 2191 786 2228 laus.
834 2189 1033 2228 Curatur
1075 2190 1124 2227 ut
1165 2201 1273 2238 gens
1316 2189 1537 2227 dissoluta
1575 2201 1595 2227 e
1638 2190 1816 2226 ‘viciniis
1854 2187 2025 2237 collegii
2069 2197 2071 2223 a

518 2255 739 2293 arceatur.
763 2276 813 2279 —
835 2258 875 2292 3.
896 2254 1007 2292 Inde
1036 2255 1259 2291 sociorum
1281 2254 1554 2291 eristimatio
1578 2253 1696 2303 apud
1725 2254 1838 2291 cives
1858 2251 2021 2290 crescit.
2068 2275 2069 2290 t

516 2341 565 2345 —
593 2323 637 2357 4.
669 2318 941 2368 Spiritualia
970 2318 1225 2355 an'ine'ster'ia
1255 2330 1360 2366 erga
1386 2320 1632 2367 proximos.
1664 2317 1859 2355 Fructus
1887 2328 2025 2354 exem·
2067 2317 2069 2342 ἱ

512 2385 605 2434 plis
635 2384 984 2422 demonstratur.
1017 2382 1239 2420 Pecuniae
1282 2383 1600 2420 restitutiones.
1632 2383 1785 2420 Paces.
1817 2404 1867 2407 —
1897 2385 1938 2419 5.
1972 2380 2024 2419 Ob
2066 2412 2067 2417 ,

517 2449 839 2487 contionatoris
869 2447 1201 2496 obiurgationes
1229 2447 1475 2485 comoediae
1503 2447 1543 2484 et
1574 2446 1670 2485 ludi
1701 2447 1868 2493 lascivi,
1890 2446 2024 2484 recla-

519 2513 745 2552 mantibus
788 2525 876 2551 non
917 2514 1087 2562 paucis,
1132 2512 1431 2561 prohibentem
1462 2534 1511 2538 —
1556 2515 1597 2549 6.
1642 2511 1692 2549 Ρ.
1725 2510 2025 2549 Provinctalis
2062 2527 2065 2547 ι

518 2580 710 2617 montem
739 2579 930 2628 pietatis,
961 2578 1011 2615 ut
1040 2577 1204 2624 dicunt,
1226 2579 1273 2615 in
1305 2577 1410 2615 urbe
1434 2577 1755 2626 Calatayirona
1784 2575 2023 2615 instaurat.

496 2702 531 2741 1.
563 2702 592 2751 ΔΓ
621 2701 745 2740 Iesus
775 2699 912 2739 Maria
941 2723 991 2726 —
1022 2699 1112 2738 Pax
1142 2698 1306 2738 Christi
1345 2701 1423 2738 etc.
1454 2722 1502 2726 —
1534 2698 1592 2738 Le
1634 2710 1733 2738 cose
1776 2700 1924 2737 nostre
1953 2707 2025 2748 per

414 2766 456 2805 la
487 2765 612 2805 Iddio
642 2765 783 2815 gratia
813 2775 962 2803 uanno
992 2764 1117 2808 bene,
1150 2765 1272 2802 tanto
1301 2763 1446 2814 quelle
1474 2763 1519 2802 di
1549 2774 1665 2810 casa,
1697 2774 1819 2802 come
1852 2763 1892 2802 16
1919 2761 2025 2801 altre
2057 2773 2085 2795 m

415 2830 459 2869 di
490 2830 629 2869 fuora.
662 2828 779 2868 Sono
812 2828 857 2867 in
886 2829 1042 2878 questo
1071 2827 1257 2878 collegio
1287 2827 1331 2866 di
1361 2827 1553 2866 Messina
1595 2827 1714 2866 diece
1743 2826 1958 2866 sacerdoti
1985 2825 2026 2864 et
2056 2837 2057 2851 ³

477 2990 488 3006 ¹
511 2988 603 3021 Vide
625 2987 720 3020 Litt.
750 2986 955 3026 Quadrim.
981 2985 1039 3025 VI,
1067 2986 1138 3018 505.

477 3043 489 3060 ²³
511 3041 565 3073 Ex
586 3040 721 3082 origin.
746 3040 785 3072 in
808 3039 886 3072 cod.
911 3039 990 3071 Sic.
1014 3038 1085 3070 181
1107 3057 1147 3061 —-
1170 3038 1248 3071 Sic.
1274 3039 1357 3076 182,
1381 3038 1417 3071 ff.
1441 3039 1599 3078 229-2303
1624 3038 1727 3080 prius
1749 3037 1878 3070 99-100.
