2099 3516
512 259 592 296 574.
620 279 661 284 —
689 258 833 296 ABULA
858 259 882 294 4
908 258 1164 294 SEPTEMBms
1199 256 1286 292 1561
1596 252 1664 292 5027

845 487 959 536 574

287 630 341 680 Ρ.
383 629 647 679 PETRUS
685 627 1044 679 MARTINEZ
1082 628 1131 677 Α
1171 626 1502 677 BUXENTO

583 766 718 792 ABULA
745 756 768 790 4
793 764 1042 791 SEPTEMBRIS
1074 754 1159 789 1561
1191 759 1212 790 ¹.

84 894 123 929 1.
153 889 306 928 Novus
335 889 494 927 Rector
512 889 679 939 populo
709 899 856 927 carus.
878 909 929 913 —
959 886 1193 926 Sociorum
1221 899 1455 925 numerus.
1487 886 1718 935 Beligiosa

192 955 435 1005 disciplina
463 956 630 1004 vigens,
653 976 703 980 —
732 957 773 992 2.
795 953 953 991 Rector
981 952 1186 991 certatim
1216 952 1447 1002 quaesitus
1475 953 1524 991 in
1555 951 1717 1001 templo

192 1021 391 1059 maximo
421 1020 461 1058 et
491 1019 599 1058 alibi
628 1031 790 1069 magno
820 1018 989 1068 spiritu
1019 1018 1321 1056 contionatur.
1343 1018 1591 1056 Fructuose
1612 1028 1716 1066 quo·

193 1096 274 1133 que
303 1083 425 1122 alius
457 1084 594 1122 Pater
622 1084 672 1122 in
702 1082 915 1132 oppidum
945 1093 1163 1132 magnum
1194 1082 1408 1120 eoecurrit.
1435 1103 1482 1107 —
1505 1084 1546 1119 3.
1575 1081 1717 1119 Paces

189 1149 344 1189 initae.
379 1171 425 1174 —
454 1152 498 1187 4.
529 1148 928 1188 Sacramentorum
957 1159 1069 1185 usus
1100 1147 1447 1196 multiplicatur.

167 1285 203 1324 1.
235 1284 264 1334 †
291 1283 386 1323 Jhs.
420 1283 672 1323 Admodum
717 1282 812 1322 ΒΨ
850 1282 896 1321 in
940 1281 1070 1322 Chro.
1104 1282 1175 1321 Pr.
1210 1281 1301 1320 Pax
1345 1280 1510 1321 Christi
1553 1283 1634 1320 etc.
1666 1306 1717 1308 —

86 1349 148 1389 Ex
178 1349 319 1388 literis
347 1349 403 1388 40.
436 1348 600 1388 abhinc
630 1359 780 1393 mense
810 1347 865 1387 ad
896 1350 936 1387 te
968 1347 1117 1386 missis
1147 1354 1165 1373 ἃ
1196 1346 1462 1397 cognouisse
1492 1348 1532 1386 te
1560 1345 1577 1371 ¹³
1603 1347 1718 1386 arbi-

85 1416 190 1461 tror,
222 1416 270 1454 vt
300 1414 369 1454 Pr.
402 1413 656 1454 Salazarius
686 1413 733 1452 in
762 1413 846 1452 hoc
875 1412 1114 1463 collegium
1146 1412 1306 1451 Rector
1335 1412 1567 1451 aduenerit
1590 1413 1621 1451 2.
1654 1412 1717 1451 Ex

84 1479 157 1519 his
186 1491 289 1518 vero
319 1478 542 1529 intelliges
572 1478 699 1518 facile
738 1490 871 1529 quam
915 1479 1068 1528 gratus
1098 1477 1157 1516 sit
1185 1476 1409 1524 omnibus,
1442 1478 1483 1515 et
1512 1478 1718 1528 acceptus

85 1545 141 1584 ob
170 1544 267 1596 ejus
298 1543 414 1595 piam
446 1555 534 1582 vna
563 1555 664 1583 cum
693 1543 852 1594 spiritu
884 1542 1167 1582 coniunctam
1197 1541 1458 1583 doctrinam.
1484 1542 1541 1581 Vt
1569 1544 1716 1581 autem

85 1622 110 1649 a
153 1611 305 1649 nostro
348 1608 552 1648 exordiar
593 1608 796 1659 collegio,
828 1620 985 1648 sumus
1032 1607 1247 1654 vndecim,
1278 1607 1303 1645 5
1333 1607 1583 1647 sacerdotes
1621 1609 1663 1646 et
1692 1608 1718 1646 6

85 1675 242 1714 fratres
271 1675 301 1721 ³,
333 1685 522 1725 quorum
553 1674 642 1713 duo
671 1673 922 1724 theologiae
967 1675 1139 1719 vacant,
1172 1684 1251 1712 nec
1285 1672 1382 1711 sine
1426 1684 1588 1723 magno
1619 1684 1717 1723 pro-

84 1741 238 1788 uentu,
269 1739 325 1778 ad
354 1739 473 1790 quod
503 1751 578 1778 eos
611 1738 799 1778 maxime
825 1738 955 1789 juuat
986 1737 1090 1777 felix
1133 1749 1262 1777 suum
1296 1737 1524 1788 ingenium
1557 1739 1597 1776 et
1629 1749 1718 1777 cre-

84 1805 163 1844 bra
192 1804 429 1844 lectionum
462 1803 720 1854 disputatio,
752 1806 793 1842 et
824 1815 1007 1843 casuum
1043 1802 1341 1842 conscientiae
1382 1803 1510 1854 (quos
1541 1803 1716 1853 vocant)

85 1881 215 1920 saepe
258 1869 411 1909 haberi
455 1869 600 1909 solita.
647 1868 879 1919 Spirituali
923 1869 1122 1908 omnium
1168 1867 1381 1919 profectui
1426 1880 1517 1907 non
1562 1879 1717 1919 parum

84 1934 318 1974 conferunt
373 1934 629 1985 spirituales
681 1934 932 1979 conciones,
982 1933 1245 1973 collationes
1291 1935 1332 1972 et
1380 1932 1719 1972 exercitationes

86 2000 478 2040 mortificationum
523 2002 565 2039 et
607 1999 901 2043 obedientiae,
933 1999 1098 2050 quibus
1141 2010 1260 2038 nunc
1290 1999 1564 2042 exercentur,
1597 2009 1720 2037 exac-

86 2065 175 2105 tius
218 2065 263 2104 in
307 2065 378 2105 his
421 2067 598 2105 seruato
641 2065 796 2104 ordine
826 2067 867 2104 et
897 2064 1065 2115 regula,
1097 2076 1229 2115 quam
1262 2064 1479 2103 hactenus
1523 2075 1718 2114 vnquam

85 2130 274 2182 exiguus
303 2132 556 2170 nostrorum
602 2142 813 2170 numerus
844 2129 1117 2180 patiebatur;
1149 2129 1265 2180 quod
1299 2129 1345 2168 in
1375 2128 1470 2168 dies
1499 2128 1719 2168 Dominus

85 2198 259 2247 augeat.

164 2261 202 2300 2.
235 2260 332 2301 Non
361 2261 507 2300 solum
538 2261 784 2309 domestici,
817 2272 969 2300 verum
1000 2263 1042 2300 et
1071 2259 1256 2307 externi,
1285 2258 1542 2310 praesertim
1576 2258 1719 2310 magis

87 2326 163 2378 pij,
208 2326 285 2377 qui
329 2326 641 2377 spiritualibus
686 2328 860 2371 vacant,
893 2337 973 2365 nec
1002 2337 1054 2365 ex
1098 2325 1170 2364 his
1214 2336 1329 2364 Vnus
1372 2326 1449 2364 aut
1484 2324 1610 2372 alter,
1642 2323 1718 2363 sed

85 2403 239 2431 omnes
281 2391 369 2431 fere
413 2391 543 2431 nobis
587 2391 696 2437 noti,
730 2391 785 2430 ad
816 2391 989 2431 Patrem
1022 2391 1249 2430 Rectorem
1295 2401 1558 2438 conuenere,
1590 2391 1637 2428 vt
1666 2389 1719 2428 de

86 2456 157 2508 ijs,
189 2468 302 2508 quae
331 2456 387 2496 ad
417 2456 605 2496 salutem
637 2456 776 2496 animi
808 2456 1044 2508 pertinent.
1075 2467 1277 2495 seorsum
1307 2467 1406 2494 cum
1437 2466 1488 2494 eo
1518 2456 1713 2505 agerent.

87 2521 124 2561 A
154 2533 242 2572 quo
264 2521 327 2572 (vt
355 2521 595 2573 conjectari
627 2521 742 2571 licet)
765 2520 984 2560 aedificati
1015 2521 1150 2560 nimis
1179 2520 1436 2567 discessere,
1464 2521 1506 2558 et
1536 2517 1719 2558 recreati

85 2587 142 2626 ob
184 2586 281 2626 eius
323 2598 426 2637 erga
469 2598 622 2626 omnes
665 2598 858 2626 amorem
889 2588 929 2625 et
961 2585 1273 2625 humilitatem.
1309 2584 1479 2624 Petitur
1521 2583 1653 2623 etiam
1693 2597 1719 2622 a

147 2742 165 2761 a
185 2733 268 2766 Del.
292 2735 340 2767 te.
365 2753 405 2756 —
428 2734 447 2760 b
468 2734 504 2766 te
527 2743 654 2775 supra
681 2743 783 2766 vers.

129 2890 139 2908 ¹
162 2888 215 2922 Ex
237 2890 382 2930 autogr.
407 2889 446 2921 in
470 2889 548 2921 cod.
575 2888 688 2930 Hisp.
713 2889 774 2928 98,
793 2889 816 2922 f.
841 2889 919 2923 332:
945 2889 1050 2930 prius
1073 2888 1146 2920 396.
1172 2887 1359 2919 Praecedit
1386 2886 1488 2918 aliud
1512 2885 1719 2926 exemplum

88 2942 131 2974 in
153 2942 176 2975 f.
265 2968 274 2975 .

149 2996 162 3015 ²
184 2943 276 3028 &iiie
300 3005 334 3037 p.
359 2996 432 3029 317.

149 3050 162 3068 ³
184 3048 319 3082 Eorum
343 3049 494 3081 nomina
517 3049 668 3082 exhibet
692 3049 896 3091 catalogus,
921 3049 986 3091 qui
1010 3049 1066 3081 est
1090 3049 1129 3080 in
1153 3047 1231 3079 cod.
1260 3046 1362 3079 Cast.
1388 3046 1446 3082 13,
1472 3045 1495 3078 f.
1522 3045 1592 3078 167.
