2099 3516
552 292 633 329 6027.
660 313 702 318 —
729 292 894 329 Murum
920 293 942 328 4
968 290 1197 328 annuann
1225 289 1316 326 156e
1640 287 1706 324 771

204 412 240 453 Ξ.
270 410 447 461 Quanto
476 410 565 450 alla
594 422 694 450 casa
726 422 815 450 non
845 410 883 450 si
913 410 936 450 e
966 409 1076 449 fatto
1104 409 1217 448 altra
1239 407 1405 448 fabrica
1433 407 1590 458 questo
1619 417 1754 454 anno,

125 478 289 518 eccetto
317 475 403 515 due
432 477 597 523 stanze,
629 476 671 514 et
701 475 823 514 finite
853 475 1011 514 alcune
1039 485 1140 514 cose
1178 473 1294 512 della
1325 471 1492 512 fabrica
1521 470 1624 510 dell'
1639 481 1757 509 anno

126 543 320 595 passato,
342 543 385 581 61
419 540 605 580 insieme
635 540 965 580 accommodato
1000 540 1042 579 13
1075 538 1307 591 0111[6]5013
1327 545 1346 563 ²²
1374 538 1542 584 nostra,
1574 535 1757 575 bassan-

126 607 243 655 dola,
266 608 308 646 61
336 605 664 657 depingendola
683 617 764 644 con
796 604 913 644 assai
934 605 1215 644 contentezza
1235 604 1387 642 nostra
1403 602 1445 641 et
1465 600 1570 640 delli
1590 599 1757 649 deuoti,

127 671 355 725 percioche
383 670 501 710 tiene
531 669 608 720 pisi
631 670 771 709 forma
801 670 845 709 di
875 669 1041 717 chiesa,
1064 670 1107 708 et
1136 667 1269 708 rende
1290 665 1492 718 maggior
1511 664 1756 713 diuotione,

127 737 174 777 in
203 736 264 777 tal
294 735 425 775 modo
455 734 535 774 che
566 734 692 774 viene
722 734 858 773 molto
889 733 965 784 piu
996 733 1274 785 frequentata
1302 731 1374 771 del
1403 729 1550 770 solito.

204 802 243 842 3.
273 800 450 851 Quanto
471 799 546 839 all'
561 799 684 838 aiuto
705 799 945 849 temporale
968 800 1093 849 porto
1122 810 1147 837 a
1170 796 1245 836 noi
1266 796 1322 836 da
1348 795 1524 836 diuerse
1553 805 1756 846 persone,

126 867 150 907 6
178 866 280 915 1316,
303 865 384 905 0116
404 864 443 904 01
465 864 523 904 da
542 863 774 903 occasione
803 863 856 902 de
878 862 1060 902 laudare
1082 862 1221 909 Iddio,
1244 861 1324 901 che
1345 860 1391 900 in
1416 871 1505 899 vna
1524 858 1759 899 terrizuola

126 943 249 972 come
278 932 450 982 questa,
483 928 613 980 piena
643 928 688 967 di
727 928 926 979 pomeria,
958 929 1203 978 sottoposta
1247 938 1271 966 a
1300 926 1422 965 tante
1450 923 1650 972 carestie,
1687 923 1761 975 gia

125 999 250 1038 tanto
278 996 428 1037 aliena
447 995 565 1035 della
595 993 882 1045 compagum,
904 993 943 1032 si
974 992 1294 1044 mantenghino
1316 992 1426 1031 sette
1455 991 1601 1035 bocce,
1633 988 1672 1029 si
1699 988 1761 1029 fa-

126 1063 228 1104 cino
257 1064 377 1102 tante
398 1072 524 1113 spese
553 1059 600 1099 in
621 1058 954 1099 accommodare
983 1058 1026 1098 13
1055 1069 1172 1106 0353,
1204 1056 1304 1097 etsi
1334 1055 1531 1108 paghino
1556 1054 1669 1095 tanti
1689 1053 1760 1094 (16-

125 1128 214 1169 beti
245 1127 340 1180 [sic]
370 1125 564 1176 vecchiJ':
596 1126 711 1164 tutto
742 1123 868 1163 viene
897 1123 1016 1162 dalla
1045 1122 1201 1163 diuina
1239 1121 1389 1162 bonta.

205 1193 244 1233 4.
277 1192 453 1243 Quanto
483 1190 572 1230 alla
601 1189 751 1230 chiesa
796 1191 836 1228 et
882 1188 1017 1228 frutto
1063 1187 1310 1239 spirituale,
1355 1187 1512 1238 questo
1558 1195 1757 1225 occorre:

127 1259 209 1299 che
237 1258 276 1298 si
306 1256 484 1309 predica
514 1255 556 1295 la
586 1255 697 1294 festa
728 1254 844 1305 dopo
866 1253 897 1293 il
931 1265 1127 1304 vespero,
1160 1252 1266 1304 qual
1296 1251 1334 1291 si
1355 1251 1451 1291 dice
1480 1250 1526 1290 in
1556 1260 1657 1290 essa
1685 1261 1762 1301 per

127 1323 338 1364 1101116513
365 1323 407 1362 61
435 1319 703 1361 commodita
733 1319 786 1358 de
816 1318 960 1365 molti,
991 1320 1033 1357 et
1063 1317 1249 1357 insieme
1278 1315 1556 1356 edificatione
1585 1316 1628 1355 et
1660 1325 1762 1354 con-

127 1388 346 1430 solatione
375 1385 608 1438 spirituale
655 1384 761 1424 delli
806 1383 1047 1423 assistenti.
1097 1382 1149 1422 Et
1177 1381 1365 1422 essendo
1413 1380 1489 1420 noi
1524 1379 1654 1431 pochi
1685 1390 1762 1431 per

127 1453 266 1507 quelli
299 1451 521 1504 principij,
566 1450 706 1490 Mon.r
742 1448 907 1488 vicario
938 1450 950 1472 1
983 1448 1075 1488 fece
1106 1447 1256 1487 venire
1285 1445 1490 1486 aiuttarci
1531 1456 1588 1485 vn
1621 1456 1761 1484 sacer—

128 1520 244 1567 dote,
275 1519 356 1558 che
385 1517 457 1569 313
487 1528 562 1556 era
609 1517 724 1555 stato
756 1516 946 1553 maestro
989 1513 1033 1553 di
1064 1512 1232 1564 capella
1279 1511 1350 1551 nel
1394 1511 1538 1560 domo,
1577 1509 1761 1549 facendo

130 1585 233 1637 pero
262 1585 342 1625 che
372 1595 462 1623 non
491 1581 698 1634 perdesse
727 1580 759 1620 il
789 1592 871 1620 suo
902 1581 1041 1631 punto
1071 1579 1118 1618 in
1147 1579 1301 1626 domo;
1335 1577 1466 1629 quale
1485 1576 1525 1617 ci
1555 1576 1612 1615 ha
1634 1587 1761 1627 preso

129 1651 217 1691 tale
246 1649 489 1696 affettione,
521 1649 564 1687 et
593 1648 717 1687 tanto
747 1645 786 1685 si
816 1646 839 1685 6
868 1646 1100 1692 311300310,
1132 1644 1213 1683 0116
1242 1642 1463 1694 speriamo
1496 1641 1577 1681 che
1611 1652 1669 1680 vn
1716 1640 1761 1680 di

130 1715 244 1756 facia
287 1714 360 1754 vn'
406 1714 520 1753 salto
550 1724 633 1752 con
663 1711 782 1751 assai
813 1709 1119 1750 consolatione
1162 1710 1329 1755 nostra,
1374 1707 1445 1747 del
1474 1706 1555 1747 che
1596 1707 1762 1746 mostra

130 1779 280 1820 alcuni
309 1778 461 1831 segni:
494 1777 561 1818 sia
591 1777 702 1817 fatto
732 1776 775 1816 13
805 1775 962 1815 (11111113
994 1774 1188 1814 volonta.
1222 1773 1323 1813 Alla
1344 1771 1521 1824 predica
1541 1771 1762 1811 interuen-

130 1857 247 1898 gono
277 1844 418 1892 molti,
449 1843 573 1895 quali
604 1843 782 1882 restono
812 1840 917 1892 ogni
947 1840 991 1880 di
1023 1839 1099 1891 piu
1129 1838 1355 1886 satisfatti,
1387 1839 1429 1877 et
1466 1836 1643 1877 aiuttati
1686 1847 1763 1888 per

132 1923 253 1951 mezo
282 1910 327 1950 di
357 1909 530 1960 quella;
562 1909 606 1947 61
634 1908 791 1958 questo
821 1905 859 1946 si
890 1905 998 1945 vede
1027 1906 1065 1944 51
1104 1904 1222 1944 (13113
1253 1902 1515 1954 frequentia,
1564 1913 1687 1941 come
1716 1900 1761 1941 di

132 1988 251 2018 nouo
280 1986 425 2015 essere
454 1973 663 2014 richiesto
693 1972 726 2012 il
757 1972 804 2012 P.
839 1972 1017 2011 Rettore
1046 1982 1072 2010 a
1101 1970 1265 2009 andare
1282 1981 1306 2008 a
1323 1967 1548 2020 predicare
1573 1967 1760 2015 altroue,

131 2041 342 2082 lassando
372 2040 415 2080 la
444 2040 597 2079 nostra
627 2038 802 2085 chiesa3
835 2049 907 2076 ma
938 2048 1013 2087 per
1041 2035 1147 2075 boni
1178 2033 1349 2085 rispetti
1380 2044 1471 2073 non
1518 2033 1577 2072 ha
1610 2031 1763 2072 voluto

132 2106 175 2147 S.
208 2107 260 2147 R.
292 2104 596 2146 acconsentire
616 2116 640 2143 a
662 2105 833 2155 questo.
867 2102 912 2142 Si
943 2113 1053 2141 anco
1079 2112 1155 2152 per
1184 2100 1224 2139 le
1253 2097 1524 2139 confessioni
1545 2097 1598 2137 de
1619 2096 1761 2144 molti,

131 2171 255 2224 quali
283 2168 644 2211 confessandossi
675 2168 794 2208 nella
824 2167 973 2207 chiesa
1004 2167 1171 2213 nostra,
1205 2176 1280 2216 per
1308 2163 1450 2216 gratia
1479 2162 1636 2203 diuina
1666 2174 1763 2202 mu-

132 2239 237 2277 13110
267 2236 358 2276 ν113
387 2237 429 2275 61
449 2235 629 2275 13553110
659 2233 826 2274 diuersi
858 2232 970 2284 vitij,
994 2232 1047 2271 de
1077 2230 1198 2282 quali
1229 2229 1326 2269 diro
1355 2227 1574 2269 d’alcuni.
1598 2227 1682 2267 Era
1707 2239 1763 2267 vn

132 2303 323 2355 giouane
365 2301 533 2342 deditto
563 2312 588 2340 a
617 2299 723 2340 duoi
754 2298 890 2338 brutti
922 2297 1034 2348 vitij,
1066 2296 1197 2348 quale
1239 2293 1574 2335 confessandosi
1623 2292 1761 2332 molto

134 2369 245 2408 bene
275 2366 617 2419 generalmente,
649 2366 692 2405 et
735 2363 807 2415 poi
853 2361 1174 2414 frequentando
1204 2361 1246 2400 13
1276 2358 1554 2400 confessione
1579 2359 1621 2398 61
1648 2369 1764 2398 com-

135 2433 361 2480 munione,
394 2432 540 2483 doppo
572 2431 707 2470 molta
738 2430 854 2469 hona
885 2427 1163 2468 edificatione
1192 2426 1329 2472 datta,
1361 2427 1403 2464 61
1432 2423 1564 2464 tirato
1592 2423 1662 2464 col
1682 2434 1764 2463 suo

135 2497 330 2549 esempio
359 2499 401 2537 61
432 2497 581 2548 parole
611 2495 753 2543 molti,
786 2494 823 2534 si
855 2495 877 2534 6
907 2493 1095 2533 risoluto
1126 2491 1232 2531 farsi
1262 2489 1486 2542 religioso,
1532 2489 1564 2529 il
1593 2489 1673 2529 che
1706 2488 1765 2528 ha

135 2563 207 2616 313
236 2562 473 2614 adempito.
522 2561 606 2602 Vn’
639 2561 767 2608 altro,
799 2560 880 2599 che
925 2571 997 2599 era
1042 2559 1165 2598 tanto
1209 2555 1357 2596 dedito
1400 2555 1444 2595 al
1486 2554 1652 2606 giocco,
1684 2553 1765 2594 che

135 2628 276 2668 niuno
305 2628 348 2668 lo
380 2629 538 2679 poteua
569 2625 795 2673 diuertire,
828 2624 927 2664 anzi
958 2625 1086 2663 staua
1116 2622 1162 2661 in
1192 2620 1385 2672 pericolo
1415 2619 1458 2659 di
1490 2618 1698 2659 rouinare
1718 2618 1764 2658 56

135 2695 178 2734 61
205 2693 248 2733 13
268 2705 370 2733 0353
391 2705 487 2741 5113,
511 2692 642 2744 quale
663 2703 736 2731 era
759 2692 922 2730 venuto
944 2689 991 2728 in
1012 2688 1075 2728 131
1096 2685 1415 2737 desperatione,
1447 2684 1528 2724 che
1557 2683 1764 2724 hauendo

198 2867 217 2886 a
241 2858 480 2900 Consumpta
503 2857 646 2890 charta
668 2856 714 2888 in
735 2856 813 2897 fine
835 2863 939 2888 vers,

199 3027 209 3044 ¹
232 3025 437 3066 Episcopus
460 3022 686 3055 mutinensis
710 3021 788 3053 erat
815 3020 995 3061 Aegidius
1030 3016 1306 3055 FoscharariuS,
1332 3014 1371 3048 Ο.
1398 3014 1448 3053 Ρ.,
1474 3013 1538 3055 qui
1563 3014 1653 3046 tunc
1676 3013 1765 3045 tem-

138 3079 239 3120 poris
263 3079 302 3110 in
325 3077 483 3110 concilio
506 3075 711 3109 tridentino
735 3074 966 3107 versabatur.
993 3073 1152 3104 EUBEL...
1178 3070 1239 3109 III,
1264 3069 1337 3101 0269.
