2099 3516
393 239 463 275 314
863 239 1066 276 [ATTERAE
1093 239 1436 284 QUADmMEs'rREs

347 357 538 396 maximo
570 357 698 396 famis
728 357 922 408 periculo
951 357 1009 396 sit
1037 357 1291 403 constituta,
1323 358 1365 394 et
1394 355 1479 394 iam
1510 355 1616 394 anni
1648 355 1810 394 maiore
1839 357 1960 406 parte

347 423 583 468 transacta,
614 433 767 460 omnes
796 421 991 461 animum
1023 421 1377 472 despondissent,
1411 421 1586 470 propter
1615 419 1844 458 hominum
1867 431 1961 469 pec-

346 488 444 524 cata
473 486 551 525 Dei
582 487 727 525 furore
757 497 985 525 accensam
1008 486 1254 525 iudicantes
1273 484 1474 523 diuinam
1506 483 1727 523 iusticiam
1758 483 1961 533 precibus

346 552 388 589 et
416 550 694 590 orationibus
722 552 764 590 et
794 550 1062 603 poenitentia
1093 551 1265 601 placare
1291 548 1451 595 exorsi,
1482 548 1723 599 aliquando
1752 548 1962 588 uniuerso

348 615 511 665 populo
531 618 789 661 conuocato,
807 616 1049 666 aliquando
1065 615 1256 666 singulis
1276 613 1537 653 curionibus
1553 625 1651 652 cum
1673 613 1844 652 clericis
1868 613 1962 652 suis

348 682 543 718 nostram
573 682 615 719 et
642 680 754 719 alias
783 680 990 719 ecclesias
1032 680 1215 719 adibant
1257 679 1460 718 diuinum
1505 678 1720 717 auxilium
1758 677 1963 728 implora—

350 744 459 790 turi:
505 746 636 795 atque
678 756 731 783 ex
764 744 929 783 nostris
970 744 1248 783 scholasticis
1291 754 1577 793 nonunquam
1622 742 1761 793 aliqui
1804 741 1965 781 tenella

348 820 530 858 corpora
573 809 760 859 flagellis
801 809 1033 848 caedentes
1079 808 1335 848 huiusmodi
1384 818 1568 858 pompas
1614 807 1961 853 comitabantur:

349 874 570 922 postremo
599 873 774 912 tandem
807 873 979 912 Patrem
1011 873 1238 912 Rectorem
1268 875 1280 896 1
1314 872 1547 922 petierunt,
1570 883 1648 922 pro
1678 873 1801 910 tanta
1828 870 1965 910 totius

350 937 501 988 populi
531 938 781 986 afflictione,
813 938 898 977 sibi
927 938 1136 977 omnibus
1175 938 1324 978 liceret
1352 937 1423 976 die
1456 936 1678 976 dominico
1717 935 1966 986 disciplinis

349 1002 549 1041 diuinam
580 1003 858 1042 clementiam
899 1014 1102 1042 exorare:
1147 1003 1311 1053 quibus
1340 1014 1363 1040 a
1395 1002 1523 1040 Patre
1567 1000 1698 1040 uenia
1741 1011 1964 1046 concessa,

349 1078 437 1117 quo
466 1067 629 1106 animis
657 1079 682 1106 a
711 1067 902 1117 peccatis
930 1067 1205 1107 immunibus
1226 1066 1398 1118 flagella
1428 1068 1471 1105 et
1499 1065 1721 1105 orationes
1752 1065 1842 1104 Deo
1871 1076 1967 1115 gra-

350 1133 419 1170 tae
448 1132 604 1177 forent,
636 1132 786 1171 statim
818 1132 1024 1172 Patribus
1052 1134 1157 1171 sunt
1189 1130 1402 1171 confessi:
1445 1130 1501 1181 ijs
1529 1142 1555 1169 a
1586 1130 1748 1181 populo
1786 1129 1965 1175 auditis,

351 1197 473 1235 tanta
502 1197 732 1236 hominum
764 1197 1009 1248 frequentia
1039 1209 1090 1236 eo
1119 1197 1189 1236 die
1218 1197 1273 1235 ad
1303 1208 1384 1235 nos
1412 1196 1639 1242 confluxit,
1674 1197 1720 1234 ut
1748 1194 1968 1233 neminem

351 1259 591 1301 Olcadibus
634 1273 713 1301 nec
755 1261 1040 1301 ecclesiastici
1083 1273 1163 1300 nec
1207 1260 1448 1300 saecularis
1487 1260 1657 1299 ordinis
1688 1259 1825 1298 fuisse
1858 1258 1969 1297 exis-

352 1324 516 1371 timem,
545 1327 621 1377 qui
664 1325 1028 1366 scholasticorum
1073 1326 1190 1365 uotis
1233 1326 1380 1365 fauere
1423 1337 1512 1364 non
1542 1324 1782 1364 studuerit:
1819 1323 1895 1362 sed
1928 1325 1970 1362 et

352 1389 735 1440 disciplinantium
766 1402 977 1430 numerus
1006 1392 1163 1430 auctus
1183 1392 1249 1429 est
1269 1389 1474 1440 plurimis
1502 1389 1604 1439 alijs
1633 1388 1765 1427 etiam
1786 1390 1826 1427 et
1847 1387 1970 1426 nobi-

353 1454 471 1494 libus
501 1455 742 1494 iuuenibus
770 1467 868 1495 cum
899 1462 918 1481 a
947 1455 1224 1494 scholasticis
1245 1454 1410 1493 nostris
1430 1453 1753 1493 accedentibus.
1775 1451 1970 1491 Accessit

354 1530 538 1570 pompae
580 1520 811 1559 cuiusdam
856 1520 1004 1559 fratris
1046 1519 1265 1559 decimum
1308 1519 1545 1570 septimum
1588 1530 1755 1557 annum
1798 1516 1971 1567 agentis

353 1584 408 1623 ad
438 1585 728 1624 scholasticos
757 1585 1019 1630 exhortatio,
1051 1596 1163 1635 quae
1194 1584 1345 1623 haberi
1376 1595 1465 1623 non
1501 1583 1658 1633 potuit,
1693 1582 1801 1633 quin
1841 1595 1865 1621 a
1895 1593 1972 1632 gu-

356 1648 601 1696 bernatore,
647 1650 777 1697 clero,
819 1649 1008 1700 alijsque
1037 1649 1261 1696 omnibus9
1293 1660 1405 1699 quos
1434 1649 1592 1687 domus
1621 1647 1781 1686 atrium
1813 1646 1969 1697 coepit,

354 1714 602 1754 audiretur:
633 1714 756 1754 illius
780 1717 926 1754 autem
948 1717 1068 1754 aetas
1090 1714 1345 1753 uniuersam
1374 1713 1631 1752 concionem
1662 1712 1706 1751 in
1737 1712 1806 1751 sui
1836 1711 1972 1750 admi-

355 1778 569 1818 rationem
600 1780 760 1830 rapuit,
794 1779 950 1830 uisque
978 1779 1153 1818 dicendi
1183 1781 1225 1818 et
1254 1779 1300 1817 in
1331 1778 1562 1817 mouendis
1600 1777 1832 1816 affectibus
1865 1775 1972 1815 acri-

355 1843 504 1882 monia
533 1846 790 1883 cunctorum
821 1844 974 1883 oculos
1005 1844 1049 1882 in
1080 1843 1330 1893 lachrymas
1354 1842 1584 1889 dissoluit:
1617 1853 1696 1881 nec
1728 1852 1891 1892 paruus
1920 1840 1972 1879 de

355 1920 405 1948 eo
436 1911 587 1959 postea
616 1912 831 1960 sequutus
865 1912 930 1949 est
967 1921 1128 1954 rumor,
1165 1911 1331 1948 tantam
1363 1920 1482 1958 spem
1515 1910 1557 1947 et
1585 1907 1745 1946 exteris
1774 1908 1816 1945 et
1846 1905 1973 1945 nobis

355 1973 408 2013 de
437 1986 483 2013 se
512 1974 645 2013 dedit.
681 1974 814 2014 Aliud
857 1975 988 2014 etiam
1032 1974 1206 2021 addam,
1253 1985 1307 2012 ne
1349 1973 1555 2012 exercitia
1599 1974 1750 2011 nostra
1794 1970 1972 2010 silentio

356 2038 600 2078 inuoluam.
648 2039 722 2077 Est
765 2039 972 2078 recitatus
1015 2039 1222 2088 dialogus
1251 2038 1297 2077 in
1326 2049 1414 2088 quo
1457 2036 1750 2076 scholasticus
1798 2036 1973 2086 proprio

356 2103 492 2142 Marte
522 2115 598 2154 per
627 2104 731 2142 treis
761 2103 895 2143 horae
930 2106 1075 2153 partes
1117 2103 1310 2142 carmine
1355 2102 1592 2152 perorauit‚
1636 2101 1754 2152 quod
1796 2099 1972 2151 quidem

357 2179 446 2206 non
477 2179 630 2218 parum
660 2169 902 2208 declarauit
931 2180 1062 2218 quam
1095 2167 1339 2207 uberrimos
1368 2167 1484 2217 apud
1517 2168 1692 2205 nostros
1721 2163 1973 2204 scholastici

357 2232 403 2271 in
434 2232 592 2272 litteris
621 2233 813 2272 facerent
856 2244 1130 2283 progressus,
1176 2244 1274 2272 cum
1322 2231 1575 2282 praesertim
1614 2233 1715 2270 ante
1745 2228 1975 2270 Societatis

357 2297 595 2336 aduentum
644 2298 718 2337 uix
752 2298 872 2337 ullus
914 2297 1153 2337 Olcadibus
1195 2296 1502 2347 grammatices
1532 2297 1761 2347 praecepta
1790 2295 1975 2345 perfecte

357 2362 629 2413 contigisset..
662 2362 779 2402 Laus
808 2362 897 2401 Deo
919 2375 1051 2413 aquo
1080 2362 1226 2401 omnis
1255 2361 1450 2412 cognitio
1480 2360 1692 2399 dimanat.
1728 2359 1844 2398 Haec
1872 2359 1976 2397 sunt

357 2439 470 2477 quae
499 2427 552 2466 de
580 2427 756 2478 studijs,
789 2427 878 2466 Deo
909 2427 1100 2473 fauente,
1133 2426 1367 2465 scribenda
1397 2425 1650 2465 habuimus.

436 2495 474 2532 3.
508 2494 660 2532 Patres
699 2505 802 2532 uero
845 2492 1080 2531 audiendis
1122 2491 1479 2530 confessionibus
1508 2492 1550 2529 et
1579 2489 1869 2529 concionibus
1898 2488 1975 2526 ha-

360 2558 516 2597 bendis
545 2558 806 2597 insudantes
836 2557 1076 2608 plurimum
1116 2556 1246 2595 nobis
1275 2555 1473 2595 omnium
1504 2555 1679 2594 animos
1720 2552 1973 2599 conciliant,

360 2634 447 2672 quo
477 2622 679 2662 effectum
723 2624 803 2669 est,
836 2623 884 2661 ut
913 2620 1158 2672 persecutio
1203 2620 1295 2667 illa,
1340 2631 1472 2670 quam
1503 2621 1549 2658 in
1583 2618 1886 2669 superioribus
1915 2618 1976 2655 at-

360 2688 558 2738 tigimus,
592 2687 719 2726 facile
749 2687 881 2727 fuerit
923 2686 1096 2725 sedata:
1144 2685 1410 2736 iurisperitis
1440 2687 1480 2723 et
1509 2683 1778 2730 doctoribus,
1814 2681 1977 2733 quibus

423 2868 441 2886 a
473 2869 545 2891 CUI]
568 2869 638 2891 ms.

427 3015 435 3031 ¹
460 3013 495 3045 P.
522 3013 682 3045 Didacus
705 3012 870 3045 Carrillo.
