2099 3516
497 285 577 322 575.
604 306 646 311 —
675 285 874 321 Tssssvims
898 285 921 320 4
948 284 1204 320 SEPTEMBms
1231 284 1319 320 1561
1606 283 1676 319 533

94 403 300 443 madibus
330 403 398 443 bis
420 404 529 443 fiunt
552 404 893 454 disputationes,
915 402 1289 442 conuenientibus
1309 414 1360 441 eo
1395 401 1579 452 reliquis
1603 413 1724 451 prae-

93 467 360 518 ceptoribus,
394 470 438 507 vt
468 468 626 507 horum
657 467 905 519 praesentia
949 466 1091 517 magis
1120 466 1466 506 inflammentur.
1510 466 1724 505 Rhetores

93 534 135 572 et
163 532 457 572 humanitatis
486 533 695 584 discipuli
726 533 772 572 in
802 533 896 573 suis
926 532 1189 583 segregatim
1221 531 1388 571 scholis
1421 531 1537 570 idem
1568 532 1720 582 agunt.

95 596 240 649 Atque
268 597 451 648 insuper
479 600 637 637 octauo
659 610 835 649 quoque
855 597 926 636 die
956 597 1069 636 duae
1103 596 1206 636 illae
1236 596 1415 635 scholae
1444 607 1539 635 sese
1570 597 1725 635 mutuo

93 663 338 712 prouocant
357 664 664 713 exercentque,
689 662 821 713 idque
842 661 1110 709 alternatim,
1131 672 1249 700 nunc
1270 661 1417 699 theses
1438 659 1726 711 affligentibus

91 726 358 770 rhetoribus,
408 738 526 766 nunc
569 728 726 767 affixas
769 727 924 766 sedulo
969 726 1324 765 defendentibus.
1373 725 1453 764 Die
1498 725 1671 764 veneris
1701 736 1726 763 a

91 791 282 842 quodam
313 803 366 830 ex
396 791 645 843 theologiae
686 791 1012 842 professoribus
1042 791 1253 830 omnibus
1283 803 1334 830 ex
1366 801 1508 841 aequo
1538 789 1727 829 catechi-

92 867 216 895 smus
258 855 425 907 Canisij
471 857 753 907 praelegitur,
785 856 861 907 qui
906 867 1136 895 caesareae
1166 855 1411 895 maiestatis
1450 855 1724 894 inscribitur.

94 920 163 960 Ad
191 932 323 971 quam
355 920 588 960 lectionem
619 922 870 973 frequenter
898 921 1030 960 etiam
1062 923 1104 960 et
1133 921 1397 962 sacerdotes,
1430 922 1471 959 et
1502 920 1725 967 monachi,

93 985 315 1025 interdum
345 985 477 1025 etiam
514 986 593 1025 viri
624 998 713 1026 non
744 986 883 1025 infimi
921 986 1131 1033 nominis,
1156 988 1420 1025 commeant.
1453 984 1541 1025 Nec
1570 997 1652 1024 suo
1682 996 1728 1024 se

92 1050 202 1090 satis
246 1062 426 1090 munere
470 1051 646 1091 functos
690 1052 831 1091 nostri
877 1053 1103 1102 putauere,
1136 1051 1174 1090 si
1219 1052 1302 1090 hoc
1345 1052 1540 1102 agerent,
1573 1052 1618 1089 vt
1654 1061 1729 1101 per

92 1115 431 1162 hebdomadam,
472 1119 640 1168 quanta
678 1118 846 1168 quanta
885 1118 964 1163 est,
999 1117 1132 1167 probe
1171 1116 1517 1156 exercitarentur
1554 1116 1728 1155 schola-

92 1181 214 1229 stici;
238 1193 391 1221 verum
421 1183 694 1222 committere
724 1183 976 1229 noluerunt,
1003 1184 1048 1222 vt
1069 1182 1281 1221 dominici
1304 1184 1346 1221 et
1367 1182 1465 1221 sesti
1488 1182 1582 1221 dies
1604 1181 1730 1221 nulla

92 1246 222 1286 ducta
253 1246 372 1286 linea
392 1247 524 1286 otiosi
548 1247 849 1298 praeterirent.
873 1247 1046 1297 Quibus
1075 1248 1351 1287 conueniunt
1373 1247 1428 1286 ad
1450 1259 1532 1286 nos
1552 1258 1729 1286 summo

93 1323 244 1351 mane:
278 1311 339 1351 ibi
370 1312 523 1352 doctor
553 1312 803 1364 theologiae
833 1312 957 1352 illius
987 1312 1074 1352 diei
1114 1312 1399 1363 euangelium
1434 1312 1572 1351 latine
1601 1323 1731 1362 expo-

92 1376 181 1424 nit;
214 1377 333 1428 quod
363 1377 418 1416 ad
449 1378 603 1417 horam
648 1377 793 1417 durat.
834 1377 964 1417 Illinc
1007 1378 1062 1417 ad
1092 1377 1305 1417 sacellum
1349 1377 1509 1417 (lomus
1554 1378 1731 1416 nostrae

92 1441 387 1489 deducuntur,
427 1443 554 1491 vnde,
600 1455 700 1483 cum
747 1443 869 1494 prius
913 1455 1089 1482 sacrum
1132 1443 1385 1489 audierunt,
1431 1443 1731 1482 dimittuntur.

96 1506 215 1546 Hora
243 1507 307 1546 ‘23²
338 1520 363 1546 a
395 1508 592 1557 meridie,
624 1508 782 1548 diebus
812 1509 1003 1547 maxime
1033 1509 1286 1555 dominicis,
1310 1520 1464 1548 omnes
1494 1508 1654 1547 iterum
1684 1507 1731 1546 in

91 1571 245 1611 schola
291 1573 602 1624 philosophiae
644 1577 775 1625 (quae
819 1574 1004 1625 reliquis
1050 1574 1254 1624 capacior
1297 1576 1377 1623 est)
1428 1573 1728 1619 conueniunt;

91 1637 224 1687 atque
254 1637 315 1677 ibi
347 1638 461 1677 duae
491 1651 516 1677 a
545 1638 796 1690 discipulis,
828 1641 874 1678 vt
910 1639 1160 1683 minimum,
1184 1638 1613 1678 declamatiunculae
1644 1649 1734 1677 me-

92 1703 272 1742 moriter
301 1703 559 1751 recitantur,
591 1704 731 1744 altera
759 1716 785 1743 a
815 1705 1005 1751 rhetore,
1030 1705 1170 1744 altera
1200 1717 1223 1743 a
1257 1706 1398 1755 poeta,
1422 1703 1491 1743 vel
1527 1703 1733 1743 humani—

92 1768 197 1808 tatis
226 1768 443 1809 auditore.
477 1769 754 1809 Confitentur
783 1782 960 1821 quoque
990 1769 1184 1821 singulis
1214 1770 1303 1809 fere
1334 1769 1576 1819 mensibus,
1612 1768 1729 1820 quod

91 1833 316 1885 germanis
346 1834 476 1873 valde
506 1834 759 1874 inauditum
792 1835 872 1874 fuit
906 1834 953 1874 in
985 1835 1227 1886 principio;
1276 1847 1395 1875 nunc
1433 1834 1568 1874 alacri
1599 1834 1732 1874 etiam

91 1897 242 1938 animo
273 1899 489 1949 paulatim
520 1902 809 1947 assuescunt;
843 1901 954 1939 adeo
987 1902 1031 1939 vt
1060 1900 1176 1939 inter
1205 1900 1307 1940 illos
1337 1912 1427 1940 non
1462 1900 1623 1947 desint,
1655 1900 1732 1951 qui

92 1963 193 2011 15.0‚
226 1966 268 2003 et
311 1964 371 2004 8.⁰
401 1977 579 2016 quoque
623 1965 694 2004 die
738 1965 782 2004 id
815 1968 1052 2016 praestent.
1100 1965 1291 2015 Quidam
1321 1966 1453 2005 etiam
1500 1977 1591 2005 non
1634 1977 1733 2004 raro

93 2040 220 2068 sacro
249 2029 405 2068 altaris
434 2029 598 2069 viatico
644 2030 918 2070 reficiuntur.
953 2031 1008 2070 Vt
1037 2042 1222 2070 numero
1256 2031 1416 2079 dicam,
1448 2031 1658 2082 quamuis
1689 2030 1735 2070 in

92 2093 149 2145 ijs
180 2094 336 2134 merito
366 2095 617 2134 desiderare
651 2095 873 2146 possimus
896 2096 1071 2136 viuacia
1092 2096 1185 2144 illa,
1217 2108 1267 2136 ac
1289 2096 1516 2147 praecocia
1536 2096 1732 2147 ingenia,

97 2171 210 2210 quae
240 2159 286 2199 in
317 2160 598 2211 quorundam
630 2161 862 2214 regionum
894 2161 1136 2201 iuuenibus
1157 2174 1333 2201 cernere
1363 2163 1443 2209 est,
1476 2162 1559 2201 hac
1587 2163 1735 2201 tamen

92 2225 224 2264 laude
255 2224 441 2264 minime
470 2225 766 2265 defraudandi
796 2228 916 2274 sunt,
948 2226 1066 2277 quod
1099 2229 1430 2277 praeceptorum
1471 2226 1562 2266 sint
1590 2227 1737 2266 obser-

92 2289 364 2336 uantissimi,
396 2289 587 2329 libenter
619 2302 666 2330 se
687 2292 728 2330 et
749 2291 977 2330 admoneri
1009 2293 1051 2331 et
1081 2291 1286 2343 redargui
1318 2292 1564 2342 patiuntur,
1605 2294 1737 2343 atque

90 2355 224 2395 etiam
246 2355 448 2394 culturae
479 2355 721 2406 patientem
753 2357 993 2407 praebeant
1023 2368 1190 2396 aurem.
1225 2357 1290 2396 Ita
1313 2359 1357 2396 vt
1379 2357 1480 2408 plus
1510 2357 1602 2397 illis
1631 2369 1733 2397 con-

93 2418 204 2460 ferre
246 2420 388 2460 soleat
431 2420 557 2460 labor
600 2423 642 2460 et
685 2421 935 2472 diligentia,
968 2434 1100 2472 quam
1134 2422 1236 2473 alijs
1265 2423 1559 2473 quantumuis
1597 2423 1732 2463 etiam

93 2483 267 2525 foelicia
312 2485 508 2537 ingenia.
556 2485 641 2526 Sed
686 2487 745 2526 sit
788 2488 864 2526 tua
910 2499 1015 2538 pace
1044 2488 1097 2527 de
1127 2487 1349 2539 exercitijs
1378 2488 1659 2528 scholasticis
1689 2499 1739 2527 ac

90 2552 439 2602 praeceptorum.
472 2551 549 2602 qui
583 2554 752 2602 septem
775 2555 896 2599 sunt,
921 2564 1102 2592 munere
1123 2553 1231 2593 haec
1252 2553 1420 2593 dixisse
1440 2553 1563 2593 satis.
1588 2553 1739 2604 Neque

91 2615 210 2655 enim
241 2616 323 2655 hoc
353 2616 544 2667 agimus,
570 2619 615 2656 vt
644 2617 797 2656 omnia
822 2618 1033 2657 minutim
1059 2619 1384 2669 perscribamus
1409 2619 1542 2670 (quod
1559 2619 1738 2670 quidem

92 2680 257 2720 infiniti
289 2681 421 2721 fuerit
452 2682 635 2733 negotij,
669 2684 715 2721 vt
764 2683 941 2734 quidem
976 2684 1198 2731 existimo,
1232 2686 1274 2723 et
1304 2685 1375 2724 uel
1405 2696 1564 2735 operae
1594 2684 1740 2735 precio

93 2745 370 2796 cariturum),
402 2747 479 2786 sed
512 2749 559 2786 ut
588 2759 641 2786 ex
674 2747 828 2787 multis
860 2760 999 2799 pauca
1032 2749 1249 2800 quaedam
1283 2749 1334 2788 R.
1359 2750 1409 2789 V.
1441 2750 1736 2789 innotescant.

91 2811 190 2850 Jam
220 2811 387 2851 dudum
430 2811 547 2851 enim
581 2812 689 2863 quid
720 2824 745 2851 a
779 2813 946 2853 nostris
974 2814 1298 2861 sacerdotibus,
1330 2815 1737 2862 concionatoribus,

96 2875 242 2927 ijsque
272 2876 349 2928 qui
379 2877 655 2928 excipiendis
686 2878 1048 2918 confessionibus
1080 2881 1252 2927 vacant,
1287 2880 1457 2919 fructus
1487 2882 1738 2930 perceptum

93 2940 167 2989 sit,
199 2952 250 2981 ea
293 2953 381 2993 qua
425 2942 642 2982 hactenus
675 2954 780 2983 Vsus
824 2955 924 2983 sum
956 2944 1190 2994 breuitate,
1222 2945 1353 2985 vobis
1388 2945 1615 2995 cognitum
1646 2956 1742 2985 esse

93 3006 244 3057 cupio.

177 3072 215 3112 7.
248 3071 346 3112 Duo
367 3083 420 3112 ex
442 3073 608 3113 nostris
637 3073 972 3114 concionatores
1002 3075 1202 3127 germani
1225 3077 1364 3115 statas
1394 3076 1561 3115 habent
1582 3076 1740 3117 diebus
