2099 3516
543 254 624 290 549.
652 274 694 279 -
723 252 863 289 EBORA
888 251 935 287 26
961 251 1147 287 Αυοοετῐ
1177 249 1263 285 1561
1597 250 1665 285 407

91 387 205 427 quae
234 374 289 414 ad
318 373 523 413 diuinum
567 372 732 411 cultum
778 370 1022 422 pertinent;
1067 380 1210 419 nuper
1241 367 1358 407 enim
1404 370 1713 407 ornamentum

91 439 314 491 quoddam
345 437 585 478 candidum
627 436 909 481 undulatum‚
950 433 1143 473 attalicis
1172 432 1322 472 limbis
1352 431 1627 479 distinctum,
1659 432 1714 471 ad

92 503 290 555 Virginis
332 501 570 543 Genitricis
613 501 739 549 festa,
771 503 859 539 tres
889 510 1045 549 nempe
1088 497 1384 537 sacerdotales
1422 498 1583 544 uestes,
1615 496 1716 535 toti-

90 570 279 619 demque
307 566 461 607 altaris
491 567 751 606 ornamenta
781 567 823 604 et
843 575 983 604 unum
1014 562 1213 614 suggesti
1243 561 1539 613 Olyssippone
1569 561 1713 600 misit:

91 645 171 674 nec
199 634 345 673 cessat
374 631 527 671 multis
548 642 631 670 nos
650 630 754 681 alijS
782 628 913 669 donis
941 628 1135 675 afficere3
1158 639 1213 666 ear
1233 626 1351 666 enim
1374 638 1419 665 re
1439 637 1717 676 summopere

91 698 348 738 delectatur.
374 695 617 736 Pecul-iaris
633 694 849 745 quaedam
881 692 993 732 ratio
1018 704 1101 732 nos
1121 692 1176 732 ad
1198 690 1563 743 perfectissimam
1584 690 1718 730 ratio-

92 774 207 811 nem,
239 764 282 801 et
309 761 613 812 proximorum
644 759 880 799 utilitatem
916 758 962 797 in
996 757 1080 797 hoc
1100 756 1287 808 collegio
1318 755 1495 795 uidetur
1524 755 1719 806 impelle-

92 839 153 876 re,
180 825 540 878 quandoquidem
563 836 616 864 ex
636 824 789 864 diuina
820 822 1086 862 liberalitate
1115 820 1337 872 prouenit,
1360 822 1470 860 utet
1500 819 1572 860 hic
1601 819 1720 870 prin-

92 904 210 944 ceps,
241 893 284 931 et
311 902 466 931 omnes
508 889 583 940 alij
616 887 835 940 singulari
865 887 1059 938 quodam
1088 894 1107 913 ³
1141 885 1306 933 studio,
1337 887 1380 925 et
1409 885 1721 925 beneuolentia

92 969 197 1009 erga
242 955 505 996 Societatem
552 953 824 1001 afficiantur;
857 952 977 1003 quod
1005 963 1113 991 sane
1143 963 1233 990 non
1263 962 1420 1001 parum
1458 950 1641 997 confert,
1674 951 1722 989 ut

94 1021 319 1073 proximos
349 1020 396 1059 in
439 1019 630 1059 Domino
660 1018 815 1058 iuuare
845 1017 1084 1068 possimus.
1116 1016 1321 1067 Magnam
1352 1026 1473 1066 spem
1505 1015 1723 1054 habemus

94 1085 335 1127 immortali
373 1085 464 1125 Deo
496 1083 601 1136 [sic]
632 1095 761 1123 suam
790 1082 921 1122 nobis
950 1081 1137 1133 gratiam
1169 1080 1361 1132 benigne
1389 1091 1720 1126 concessurum,

98 1153 145 1191 ut
172 1150 218 1190 id
247 1150 435 1201 perfecte
468 1160 754 1199 exequamur,
777 1147 1065 1196 eamdemque
1094 1147 1142 1185 tu
1172 1145 1318 1194 nobis,
1350 1144 1602 1184 uenerande
1632 1143 1721 1191 Pr„

95 1215 234 1256 sacris
267 1215 358 1255 tuis
401 1213 733 1266 precationibus
779 1211 1052 1263 impetrabis.
1099 1210 1338 1261 Reliquum
1369 1210 1450 1257 est,
1482 1211 1531 1248 ut
1564 1221 1589 1248 a
1609 1208 1628 1234 b
1662 1220 1725 1248 re-

99 1280 291 1321 uerenda
331 1287 346 1306 ⁰
382 1280 430 1319 P.
463 1279 512 1319 T.
563 1277 765 1318 omnium
813 1277 950 1317 huius
997 1276 1157 1316 domus
1205 1275 1400 1323 Patrum,
1451 1274 1725 1325 fratrumque

96 1345 276 1386 nomine
305 1344 494 1385 summis
522 1343 728 1395 precibus
761 1341 1041 1389 contendam,
1087 1342 1135 1381 ut
1170 1340 1300 1380 nobis
1344 1351 1486 1390 usque
1528 1338 1727 1378 insthinc

99 1409 204 1463 [sic]
236 1410 348 1450 bene
390 1408 595 1460 preceris.
642 1407 706 1447 Ex
735 1407 819 1447 hoc
861 1405 1050 1457 collegio
1079 1405 1284 1445 eborensi
1305 1405 1388 1445 VIJ
1423 1403 1593 1444 calend.
1623 1403 1727 1454 Sep-

101 1475 284 1516 tembris
312 1486 431 1514 anno
458 1473 574 1514 1561.
616 1473 678 1512 De
701 1472 910 1512 mandato
940 1471 1086 1510 Patris
1115 1470 1167 1511 D.
1200 1469 1376 1510 Leonis.

205 1539 424 1591 Indignus
453 1538 574 1578 filius
602 1538 649 1578 in
680 1537 871 1577 Domino
901 1536 950 1577 T.
984 1536 1031 1576 Ρ.

1172 1591 1424 1676 ΕΜΜΑΝΗΞΒ
1453 1635 1563 1676 Gois
1593 1641 1619 1675 1.

205 1767 464 1816 Inscriptio.
496 1763 734 1804 Mittendae
763 1762 811 1802 in
841 1762 1118 1814 prouinciam
1149 1760 1304 1801 Italiae
1332 1760 1442 1801 citra
1472 1760 1674 1800 Romam.

102 1945 122 1964 a
141 1936 328 1978 quoddam
351 1945 423 1968 ms.
448 1953 488 1957 —-
511 1935 529 1961 b
549 1944 571 1967 a
593 1943 721 1975 supra
743 1942 845 1966 vera.
871 1952 910 1956 —
933 1941 947 1961 c
969 1933 1093 1965 Prius
1114 1932 1366 1965 reuerendam.

165 2100 175 2117 ¹
199 2098 250 2130 De
272 2096 451 2138 epistolae
484 2096 635 2128 auctore
658 2093 702 2127 cf.
727 2094 781 2126 sis
804 2093 1098 2126 SOMMERVOGEL:
1133 2092 1444 2133 Bibliotlze'que...
1470 2091 1539 2124 sub
1563 2100 1597 2123 V.
1622 2090 1733 2123 Goss.

102 2151 195 2184 Mira
217 2150 336 2182 videri
359 2150 511 2191 possent
544 2157 640 2190 quae
663 2147 707 2180 de
731 2147 800 2180 hoc
822 2147 902 2179 viro
926 2147 965 2179 in
988 2147 1122 2188 priscis
1145 2145 1326 2187 catalogis
1360 2145 1586 2177 invenimus.
1611 2144 1653 2176 In
1676 2153 1735 2176 ca-

103 2205 228 2246 talogo
250 2212 376 2236 eorum
400 2203 465 2244 qui
489 2198 712 2235 Societatem
736 2201 898 2242 ingressi
916 2201 1004 2232 sunt
1028 2200 1167 2232 Eborac
1183 2199 1230 2231 ab
1246 2208 1345 2231 anno
1369 2199 1449 2231 1553
1472 2198 1519 2230 ad
1543 2198 1623 2230 1568
1639 2197 1733 2237 (cod.

104 2258 201 2290 Lus.
225 2257 286 2293 43,
311 2256 334 2289 f.
359 2257 421 2288 332
453 2256 562 2297 sqq.),
590 2255 656 2296 qui
690 2255 789 2287 certe
823 2254 1007 2296 originale
1041 2253 1166 2285 album
1199 2252 1427 2285 novitiorum
1460 2261 1535 2284 non
1572 2252 1640 2289 est,
1665 2250 1736 2282 sub

105 2321 141 2344 n.
158 2312 196 2343 41
221 2310 361 2343 dicitur
383 2310 571 2342 admissus
585 2308 641 2340 ¹ad
665 2308 822 2349 primam
845 2307 1101 2349 probationem
1118 2306 1178 2338 die
1200 2307 1238 2338 31
1256 2306 1418 2347 Augusti
1444 2305 1535 2337 1560.
1560 2304 1602 2336 In
1625 2304 1734 2336 catal.

105 2365 245 2398 mensis
268 2364 367 2405 Sept.
394 2364 475 2395 1560
497 2364 532 2395 et
556 2362 695 2394 mensis
719 2361 805 2394 Iulii
831 2362 907 2393 1561
943 2361 1047 2402 (ibid.
1072 2359 1108 2393 ff.
1136 2361 1206 2399 117,
1232 2360 1306 2399 141)
1336 2359 1490 2401 ponitur
1512 2358 1610 2390 inter
1633 2357 1737 2390 coad-

106 2419 270 2458 iut01·es;
296 2418 335 2449 in
369 2416 549 2458 catalogis
573 2425 660 2448 vero
694 2415 833 2447 mensis
866 2415 953 2447 Maii
990 2415 1081 2451 1562,
1117 2414 1284 2446 Ianuarii
1322 2414 1403 2445 1564
1439 2412 1545 2454 (ibid.
1570 2411 1605 2443 ff.
1631 2412 1735 2443 200.v.

106 2472 212 2512 215.v)
235 2472 272 2504 et
295 2471 334 2503 in
357 2470 466 2502 catal.
492 2468 779 2501 conimbricensi
802 2469 942 2500 mensis
965 2467 1128 2509 Augusti
1153 2468 1233 2500 1564
1255 2467 1362 2508 (ibid.
1386 2466 1502 2505 11213)
1526 2465 1739 2497 recensetur

106 2525 205 2558 inter
230 2524 437 2565 theologiae
460 2522 663 2555 auditores.
689 2521 850 2554 Litterae
868 2521 1164 2561 Quadrimestres
1187 2521 1327 2553 latinae
1344 2520 1390 2552 ab
1407 2519 1488 2560 ipso
1505 2518 1738 2559 subscriptae

108 2579 183 2611 iam
206 2579 295 2610 sunt
318 2577 378 2610 die
401 2577 420 2609 2
454 2576 553 2617 Sept.
580 2576 662 2607 1560
683 2575 751 2617 (Cf.
777 2575 872 2607 Litt.
903 2574 1108 2614 chadrim.
1132 2575 1193 2614 VI,
1217 2575 1290 2613 841,
1319 2574 1446 2606 annot.
1471 2573 1515 2612 2).
1542 2571 1643 2611 Quae
1666 2579 1739 2602 om-

108 2633 172 2665 nia
194 2631 373 2673 explicari
396 2639 505 2672 posse
529 2630 716 2668 videntur,
741 2629 773 2660 si
797 2628 972 2670 ponimus
995 2629 1100 2660 illum
1124 2629 1208 2670 post
1231 2628 1369 2660 artium
1386 2626 1513 2658 studia
1529 2626 1740 2666 ingressum

108 2695 189 2719 esse
212 2685 446 2723 Societatem,
471 2684 507 2716 et
530 2682 697 2715 tirocinii
720 2683 884 2724 tempore
907 2681 1173 2714 humilioribus
1196 2681 1326 2714 officiis
1349 2680 1514 2712 dicatum
1537 2678 1666 2710 fuisse.
