2099 3516
576 275 657 312 534.
688 297 732 301 ——
759 275 942 312 NEAPOLI
966 276 1014 311 ι28
1040 275 1139 312 MA11
1172 276 1254 312 1561
1616 277 1684 312 347

211 396 258 433 in
289 395 397 433 aliis
424 395 550 433 urbis
581 396 701 435 locis.
723 417 772 422 —
800 399 946 434 14-15.
976 397 1226 434 Dominicis
1256 396 1408 434 diebus
1436 398 1546 435 socii
1577 408 1733 446 acyro-

162 486 165 488 >
212 460 278 498 tos
306 461 355 498 in
397 462 664 499 nosocomiis
703 461 904 509 visitant,
950 461 1255 507 consolantur,
1287 461 1550 499 instituunt.
1583 483 1633 487 —
1661 465 1732 499 16.

219 524 387 563 Vinctis
416 526 464 563 in
493 537 679 572 carcere,
710 525 846 564 etiam
876 537 977 564 cnm
1011 537 1179 575 magna
1208 526 1570 565 incommoditate
1597 526 1637 564 et
1668 526 1732 564 la-

212 588 325 635 bore,
369 589 646 637 subvenitur.
679 612 730 616 —
758 593 828 628 1⁷.
873 591 1030 629 Nostri
1059 590 1117 628 ad
1142 591 1512 634 ¹contionandnm
1545 592 1594 629 in
1624 603 1733 640 qua-

211 654 468 704 dragesima
497 655 796 705 expetuntnr,·
824 655 900 693 sed
928 667 1050 694 unns
1080 656 1258 694 tantum
1289 655 1464 694 concedi
1490 656 1650 705 potnit.
1683 677 1734 681 —

209 722 280 757 18.
311 718 468 758 Socins
492 721 540 758 in
570 719 772 758 insulam
807 719 942 770 Capri
971 720 1183 759 mittitur.
1218 742 1263 746 —
1292 723 1363 758 19.
1397 720 1587 759 Cuidam
1607 720 1735 758 soda-

212 783 332 821 litati
361 783 624 822 adhortator
652 784 922 823 conceditur.
947 806 995 810 —
1018 788 1168 823 20-21.
1197 784 1445 829 Societatis,
1469 785 1509 822 et
1538 786 1734 823 maxime

210 847 367 887 Patris
414 849 721 887 Provincialis
768 850 1044 888 existimatio
1101 850 1222 899 apud
1265 862 1471 900 proceres
1519 850 1734 900 exemplis

211 913 476 952 ostenditur.

189 1048 225 1087 1.
252 1047 361 1088 IHS.
386 1048 477 1087 Pax
507 1048 607 1099 Xpi.
630 1048 764 1088 Molto
786 1047 883 1088 Β.ᾱο
903 1047 950 1088 10
972 1049 1085 1100 Χρο.
1110 1049 1205 1089 Pre.
1224 1049 1258 1088 Il
1278 1049 1440 1100 Signor
1461 1051 1613 1088 nostro
1635 1049 1735 1089 Iesu

105 1112 220 1164 Xpo.
252 1124 375 1152 come
405 1125 482 1164 per
510 1114 541 1153 li
571 1113 689 1163 altri,
721 1115 813 1153 cosi
844 1125 920 1165 per
948 1114 1093 1165 questi
1122 1116 1300 1165 quattro
1330 1114 1474 1154 vltimi
1505 1114 1614 1153 mesi
1645 1126 1734 1153 non

103 1177 161 1217 ha
204 1177 388 1217 lasciato
432 1179 669 1218 manchare
698 1178 775 1218 alli
819 1179 918 1218 suoi
948 1179 1068 1218 serui
1111 1179 1343 1219 occasione
1386 1179 1431 1218 di
1478 1179 1736 1219 esercitarse

103 1243 190 1282 nel'
222 1254 304 1282 suo
333 1245 462 1283 santo
491 1243 689 1283 seruitio.
723 1243 847 1284 Onde
866 1243 905 1283 ci
934 1252 949 1269 ⁴¹
984 1244 1101 1284 fosse
1130 1244 1187 1283 al'
1220 1246 1422 1295 presente
1452 1244 1612 1284 alcuna
1632 1256 1734 1283 cosa

103 1308 160 1348 da
187 1308 380 1348 scriuere
409 1320 434 1347 a
464 1309 514 1348 V.
549 1307 646 1348 R.da
676 1309 824 1357 Pate,
856 1309 1048 1349 secondo
1078 1309 1286 1349 l’vsanza
1315 1310 1433 1349 della
1461 1309 1736 1360 Compagnia

104 1375 271 1421 nostra,
303 1373 335 1413 il
364 1374 445 1413 che
474 1374 512 1413 si
556 1374 649 1413 fara
679 1386 762 1414 con
792 1377 947 1426 questa
992 1375 1068 1425 piu
1101 1375 1381 1414 breuemente
1415 1375 1495 1414 che
1524 1374 1562 1414 si
1593 1374 1734 1425 potra,

103 1441 145 1478 01
173 1439 216 1478 al
246 1439 408 1490 meglio
437 1439 518 1479 che
547 1439 590 1479 la
621 1439 833 1479 memoria
861 1439 900 1479 ci
930 1439 1102 1480 seruira
1131 1439 1179 1479 in
1209 1440 1447 1480 ricordarci
1478 1442 1601 1491 parte
1621 1440 1736 1479 delle

104 1516 204 1544 cose
234 1504 314 1543 che
343 1516 454 1544 sono
483 1516 660 1544 occorse
689 1505 777 1544 nel'
809 1505 955 1556 spatio
984 1505 1030 1544 di
1059 1505 1179 1544 detto
1209 1507 1370 1556 tempo.

183 1569 221 1609 2.
254 1569 305 1608 Et
338 1569 494 1620 primo,
519 1569 571 1609 -11
614 1582 800 1610 numero
833 1570 905 1610 (11Ι
931 1570 1085 1621 quelli,
1117 1570 1198 1610 che
1218 1570 1354 1610 ·.hO['3.
1389 1570 1437 1612 si.
1470 1573 1660 1610 trouano
1690 1571 1737 1610 in

105 1636 261 1686 questo
290 1634 494 1686 collegio,
526 1635 675 1675 arriua
705 1647 729 1674 a
759 1636 827 1681 40,
852 1636 916 1674 fra
947 1635 1070 1687 quali
1100 1647 1211 1675 sono
1233 1635 1450 1675 sacerdoti
1471 1636 1598 1683 dieci,
1625 1648 1737 1676 mae-

105 1701 185 1740 stri
215 1700 293 1748 sei,
325 1701 485 1740 scolari
529 1701 699 1748 tredici,
731 1713 811 1740 con
845 1703 958 1740 tutto
988 1701 1068 1740 che
1111 1703 1221 1741 sette
1250 1713 1276 1740 0
1305 1703 1397 1740 0110
1427 1701 1555 1740 siano
1586 1701 1737 1752 partiti

104 1766 149 1806 di
192 1778 281 1817 qua
325 1768 464 1817 (come
493 1778 541 1806 sa
571 1766 622 1807 V.
656 1767 720 1817 P.)
753 1779 828 1817 per
870 1767 1038 1806 diuersi
1083 1766 1254 1817 luoghi,
1285 1769 1327 1806 et
1373 1766 1675 1806 vltimamente
1705 1767 1737 1806 il

105 1832 153 1871 P.
186 1832 236 1871 D.
270 1832 429 1871 Torres
460 1834 470 1855 1
502 1843 579 1882 per
608 1832 638 1871 il
669 1832 795 1879 cielo‚
819 1832 950 1883 quale
979 1832 1124 1883 questi
1155 1831 1301 1883 giorni
1334 1844 1427 1871 rese
1453 1831 1645 1871 l'anima
1677 1832 1734 1871 al'

102 1897 286 1936 creator'
319 1909 416 1945 suo,
448 1897 594 1947 doppo
638 1897 840 1937 l'hauer'
875 1897 988 1936 visto
1029 1897 1075 1936 in
1106 1909 1205 1936 esso
1235 1897 1402 1948 grande
1435 1897 1662 1948 patientia,
1696 1900 1738 1936 et

105 1962 152 2001 in
181 1962 318 2013 quelli
349 1961 367 1987 b
396 1962 477 2001 che
498 1962 541 2001 lo
570 1974 889 2012 gouernauano
920 1969 934 1988 ⁰
962 1963 1128 2013 grande
1154 1962 1324 2001 charita
1347 1962 1464 2001 nella
1493 1974 1575 2001 sua
1605 1962 1738 2013 longa

105 2029 146 2066 et
177 2027 408 2067 fastidiosa
439 2028 634 2067 malatia.

184 2093 220 2132 3.
252 2092 377 2132 Della
410 2093 571 2131 vnione
601 2092 809 2139 fraterna,
833 2095 874 2132 et
904 2093 1017 2132 della
1050 2104 1155 2132 cura
1185 2093 1229 2132 di
1260 2104 1492 2132 osseruare
1523 2093 1561 2132 le
1592 2093 1739 2144 regole

106 2160 270 2205 nostre,
302 2158 382 2197 che
424 2157 551 2208 quiui
590 2161 973 2197 communemente
1016 2158 1053 2197 si
1085 2158 1195 2197 uede
1239 2158 1285 2197 in
1315 2158 1434 2205 tutti,
1465 2159 1488 2197 e
1517 2170 1620 2198 cosa
1658 2159 1739 2197 che

105 2223 305 2274 ogniuno
336 2223 424 2273 puo
445 2223 599 2262 restar'
634 2223 769 2262 molto
800 2223 1047 2267 aedificato.
1070 2225 1110 2262 01
1134 2223 1327 2262 mouersi
1349 2236 1374 2262 a
1397 2223 1546 2263 lodare
1567 2235 1739 2274 sempre

106 2287 189 2327 Dio
219 2289 371 2326 nostro
401 2287 530 2338 Sig.¹·0
561 2287 683 2327 Oltra
706 2287 747 2326 la
777 2287 1007 2327 diuotione
1037 2290 1079 2326 et
1100 2287 1131 2326 il
1161 2288 1429 2327 sentimento
1459 2288 1539 2327 che
1568 2289 1736 2339 ognun’

107 2355 303 2392 monstra
344 2353 459 2392 nelle
497 2353 705 2400 orationi,
737 2353 1042 2393 communioni
1073 2356 1115 2392 et
1144 2353 1246 2392 altri
1276 2354 1490 2405 essercitij
1522 2354 1736 2405 ordinarij

106 2418 223 2457 della
253 2418 541 2469 Compagnia,
574 2418 1069 2458 estraordinariamente
1108 2431 1271 2469 appare
1315 2420 1481 2469 grande
1520 2419 1739 2458 desiderio

107 2484 153 2523 in
183 2484 285 2523 tutti
316 2484 369 2523 dc
398 2484 634 2535 discipline
663 2486 706 2523 et
735 2485 845 2523 altre
888 2484 1130 2535 penitentie
1159 2487 1201 2524 et
1231 2485 1577 2531 mortificationi.
1609 2485 1740 2536 quale

107 2549 144 2588 si
175 2549 311 2588 fanno
342 2549 475 2589 molte
505 2561 587 2589 con
618 2549 797 2589 licentia
827 2550 880 2589 de
919 2549 1153 2601 superiori,
1185 2552 1227 2589 et
1258 2550 1390 2589 010110
1420 2562 1581 2589 ancora
1612 2550 1649 2589 si
1681 2550 1740 2589 la-

168 2740 185 2758 a
208 2731 368 2764 Emend.
394 2741 442 2764 ex
465 2733 509 2765 si.
535 2751 574 2754 —
598 2735 616 2759 b
638 2732 799 2765 Emend.
823 2742 871 2765 er
892 2733 1029 2774 questi.
1048 2752 1087 2755 —
1110 2742 1125 2760 c
1150 2732 1297 2765 Emend
1318 2743 1366 2765 er
1389 2733 1683 2774 giouernauanO.

174 2905 178 2921 ¹
205 2903 242 2936 P.
269 2904 331 2936 Dr.
356 2903 577 2936 Baithassar
599 2904 643 2936 de
677 2904 820 2938 Torres.
846 2905 947 2937 Obiit
971 2905 1030 2938 die
1052 2906 1072 2938 9
1095 2905 1197 2937 maii.
1222 2905 1288 2947 (Cf.
1314 2905 1439 2946 Epist.
1470 2905 1514 2938 P.
1539 2905 1686 2943 Xadal,
1713 2905 1738 2937 I.

108 2957 170 2989 465
185 2968 192 2995 ς
211 2956 335 2998 Epist.
353 2957 397 2989 P.
415 2957 675 2994 Salmeronis,
693 2958 720 2997 1,
737 2959 810 2998 429,
827 2959 916 2998 455).
934 2959 1003 2991 Hic
1018 2958 1117 2991 fama
1139 2959 1270 3000 optimi
1285 2959 1416 2990 medici
1434 2959 1467 2991 et
1487 2958 1740 2990 mathematici

112 3011 313 3052 antequam
337 3010 560 3043 Societatem
585 3020 683 3043 anno
714 3012 794 3043 1553
816 3012 1085 3053 ingrederetur,
1111 3012 1309 3053 gaudebat.
1338 3012 1404 3053 (Cf.
1433 3012 1553 3053 Epist.
1579 3012 1740 3045 Mioctae.

111 3062 171 3099 ΙΙΙ,
197 3064 355 3097 239-240:
381 3064 603 3096 POLANCUM:
632 3064 786 3101 Chron„
812 3065 874 3104 ΙΙΙ,
899 3066 1063 3105 219-220).
