<?xml version="1.0" encoding="UTF-8"?>
<!DOCTYPE html PUBLIC "-//W3C//DTD XHTML 1.0 Transitional//EN"
    "http://www.w3.org/TR/xhtml1/DTD/xhtml1-transitional.dtd">
<html xmlns="http://www.w3.org/1999/xhtml" xml:lang="en" lang="en">
 <head>
  <title>
</title>
<meta http-equiv="Content-Type" content="text/html;charset=utf-8" />
  <meta name='ocr-system' content='tesseract 3.04.00' />
  <meta name='ocr-capabilities' content='ocr_page ocr_carea ocr_par ocr_line ocrx_word'/>
</head>
<body>
  <div class='ocr_page' id='page_1' title='image "./litteraequadrime19lain_0201.png"; bbox 0 0 2099 3516; ppageno 0'>
   <div class='ocr_carea' id='block_1_1' title="bbox 570 280 1701 320">
    <p class='ocr_par' dir='ltr' id='par_1_1' title="bbox 570 280 1701 320">
     <span class='ocr_line' id='line_1_1' title="bbox 570 280 1701 320; baseline -0.006 0"><span class='ocrx_word' id='word_1_1' title='bbox 570 285 642 320; x_wconf 64' lang='lat'><strong><em>495.</em></strong></span> <span class='ocrx_word' id='word_1_2' title='bbox 675 306 713 308; x_wconf 97' lang='lat'><strong>—</strong></span> <span class='ocrx_word' id='word_1_3' title='bbox 741 283 934 318; x_wconf 67' lang='lat' dir='ltr'><strong><em>TonxAco</em></strong></span> <span class='ocrx_word' id='word_1_4' title='bbox 962 283 1007 318; x_wconf 78' lang='lat'><strong><em>30</em></strong></span> <span class='ocrx_word' id='word_1_5' title='bbox 1034 282 1185 316; x_wconf 69' lang='lat' dir='ltr'>MARTH</span> <span class='ocrx_word' id='word_1_6' title='bbox 1220 280 1303 315; x_wconf 67' lang='lat'><strong><em>[5361</em></strong></span> <span class='ocrx_word' id='word_1_7' title='bbox 1637 280 1701 314; x_wconf 77' lang='grc' dir='ltr'><strong><em>Πῖ)</em></strong></span> 
     </span>
    </p>
   </div>
   <div class='ocr_carea' id='block_1_2' title="bbox 881 510 995 560">
    <p class='ocr_par' dir='ltr' id='par_1_2' title="bbox 881 510 995 560">
     <span class='ocr_line' id='line_1_2' title="bbox 881 510 995 560; baseline -0.009 0"><span class='ocrx_word' id='word_1_8' title='bbox 881 510 995 560; x_wconf 87' lang='grc'><strong><em>495</em></strong></span> 
     </span>
    </p>
   </div>
   <div class='ocr_carea' id='block_1_3' title="bbox 498 666 1383 723">
    <p class='ocr_par' dir='ltr' id='par_1_3' title="bbox 498 666 1383 723">
     <span class='ocr_line' id='line_1_3' title="bbox 498 666 1383 723; baseline -0.009 0"><span class='ocrx_word' id='word_1_9' title='bbox 498 674 553 723; x_wconf 86' lang='grc' dir='ltr'><strong><em>Ρ.</em></strong></span> <span class='ocrx_word' id='word_1_10' title='bbox 611 670 906 721; x_wconf 77' lang='lat' dir='ltr'><strong><em>lOANNES</em></strong></span> <span class='ocrx_word' id='word_1_11' title='bbox 967 666 1383 718; x_wconf 74' lang='lat' dir='ltr'>MORTAIGNE</span> 
     </span>
    </p>
   </div>
   <div class='ocr_carea' id='block_1_4' title="bbox 646 806 1256 846">
    <p class='ocr_par' dir='ltr' id='par_1_4' title="bbox 646 806 1256 846">
     <span class='ocr_line' id='line_1_4' title="bbox 646 806 1256 846; baseline -0.01 0"><span class='ocrx_word' id='word_1_12' title='bbox 646 819 831 846; x_wconf 69' lang='lat' dir='ltr'><strong><em>&#39;rORNAco</em></strong></span> <span class='ocrx_word' id='word_1_13' title='bbox 866 809 912 843; x_wconf 71' lang='lat'><strong><em>30</em></strong></span> <span class='ocrx_word' id='word_1_14' title='bbox 939 817 1083 843; x_wconf 75' lang='lat' dir='ltr'>MARTH</span> <span class='ocrx_word' id='word_1_15' title='bbox 1119 806 1204 841; x_wconf 72' lang='lat'><strong><em>1561</em></strong></span> <span class='ocrx_word' id='word_1_16' title='bbox 1234 807 1256 840; x_wconf 72' lang='lat'><strong><em>¹.</em></strong></span> 
     </span>
    </p>
   </div>
   <div class='ocr_carea' id='block_1_5' title="bbox 128 940 1762 1515">
    <p class='ocr_par' dir='ltr' id='par_1_5' title="bbox 128 940 1762 1515">
     <span class='ocr_line' id='line_1_5' title="bbox 128 940 1758 991; baseline -0.007 -1"><span class='ocrx_word' id='word_1_17' title='bbox 128 953 238 990; x_wconf 78' lang='lat' dir='ltr'><strong><em>Ante</em></strong></span> <span class='ocrx_word' id='word_1_18' title='bbox 269 951 380 989; x_wconf 75' lang='lat' dir='ltr'><strong><em>duos</em></strong></span> <span class='ocrx_word' id='word_1_19' title='bbox 424 961 567 987; x_wconf 78' lang='lat' dir='ltr'><strong><em>annos</em></strong></span> <span class='ocrx_word' id='word_1_20' title='bbox 601 949 849 986; x_wconf 69' lang='lat' dir='ltr'><strong><em>Tornacnm</em></strong></span> <span class='ocrx_word' id='word_1_21' title='bbox 889 947 1072 991; x_wconf 76' lang='lat' dir='ltr'><strong><em>missus,</em></strong></span> <span class='ocrx_word' id='word_1_22' title='bbox 1107 944 1310 982; x_wconf 73' lang='lat' dir='ltr'><strong><em>laborum</em></strong></span> <span class='ocrx_word' id='word_1_23' title='bbox 1345 942 1520 991; x_wconf 66' lang='lat' dir='ltr'><strong><em>fructus</em></strong></span> <span class='ocrx_word' id='word_1_24' title='bbox 1551 943 1643 979; x_wconf 77' lang='lat' dir='ltr'><strong><em>iam</em></strong></span> <span class='ocrx_word' id='word_1_25' title='bbox 1674 940 1758 978; x_wconf 83' lang='lat' dir='ltr'><strong><em>col-</em></strong></span> 
     </span>
     <span class='ocr_line' id='line_1_6' title="bbox 236 1005 1759 1065; baseline -0.007 -12"><span class='ocrx_word' id='word_1_26' title='bbox 236 1016 371 1065; x_wconf 65' lang='lat' dir='ltr'><strong><em>ligere</em></strong></span> <span class='ocrx_word' id='word_1_27' title='bbox 401 1014 552 1063; x_wconf 71' lang='lat' dir='ltr'><strong><em>coepit.</em></strong></span> <span class='ocrx_word' id='word_1_28' title='bbox 592 1013 642 1050; x_wconf 89' lang='lat' dir='ltr'><strong><em>P.</em></strong></span> <span class='ocrx_word' id='word_1_29' title='bbox 668 1013 791 1050; x_wconf 50' lang='lat' dir='ltr'><strong><em>ilI‘cux.</em></strong></span> <span class='ocrx_word' id='word_1_30' title='bbox 820 1010 998 1060; x_wconf 75' lang='lat' dir='ltr'><em>Capella</em></span> <span class='ocrx_word' id='word_1_31' title='bbox 1021 1011 1168 1048; x_wconf 73' lang='lat' dir='ltr'><strong><em>socius</em></strong></span> <span class='ocrx_word' id='word_1_32' title='bbox 1190 1010 1229 1047; x_wconf 73' lang='lat' dir='ltr'><strong><em>ei</em></strong></span> <span class='ocrx_word' id='word_1_33' title='bbox 1259 1008 1393 1046; x_wconf 74' lang='lat' dir='ltr'><strong><em>slatus</em></strong></span> <span class='ocrx_word' id='word_1_34' title='bbox 1413 1018 1592 1045; x_wconf 76' lang='lat' dir='ltr'><strong><em>sacram</em></strong></span> <span class='ocrx_word' id='word_1_35' title='bbox 1614 1005 1759 1055; x_wconf 72' lang='lat' dir='ltr'><strong><em>Scrip-</em></strong></span> 
     </span>
     <span class='ocr_line' id='line_1_7' title="bbox 235 1071 1760 1128; baseline -0.008 -9"><span class='ocrx_word' id='word_1_36' title='bbox 235 1082 386 1119; x_wconf 73' lang='lat' dir='ltr'><strong><em>turam</em></strong></span> <span class='ocrx_word' id='word_1_37' title='bbox 416 1079 619 1128; x_wconf 68' lang='lat' dir='ltr'><strong><em>exposuit</em></strong></span> <span class='ocrx_word' id='word_1_38' title='bbox 651 1078 962 1124; x_wconf 65' lang='lat' dir='ltr'><strong><em>contionesque</em></strong></span> <span class='ocrx_word' id='word_1_39' title='bbox 991 1075 1157 1122; x_wconf 65' lang='lat' dir='ltr'><strong><em>habuit,</em></strong></span> <span class='ocrx_word' id='word_1_40' title='bbox 1181 1073 1340 1123; x_wconf 74' lang='lat' dir='ltr'><strong><em>quibus</em></strong></span> <span class='ocrx_word' id='word_1_41' title='bbox 1371 1073 1472 1111; x_wconf 76' lang='lat' dir='ltr'><strong><em>bom·</em></strong></span> <span class='ocrx_word' id='word_1_42' title='bbox 1506 1071 1760 1120; x_wconf 72' lang='lat' dir='ltr'><strong><em>confirmati</em></strong></span> 
     </span>
     <span class='ocr_line' id='line_1_8' title="bbox 234 1135 1761 1189; baseline -0.007 -5"><span class='ocrx_word' id='word_1_43' title='bbox 234 1146 354 1184; x_wconf 72' lang='lat' dir='ltr'><strong><em>sunt.</em></strong></span> <span class='ocrx_word' id='word_1_44' title='bbox 389 1143 522 1183; x_wconf 74' lang='lat' dir='ltr'><strong><em>Solus</em></strong></span> <span class='ocrx_word' id='word_1_45' title='bbox 566 1155 685 1181; x_wconf 74' lang='lat' dir='ltr'><strong><em>nunc</em></strong></span> <span class='ocrx_word' id='word_1_46' title='bbox 719 1143 880 1180; x_wconf 70' lang='lat' dir='ltr'><strong><em>iterum</em></strong></span> <span class='ocrx_word' id='word_1_47' title='bbox 924 1153 1023 1178; x_wconf 72' lang='lat' dir='ltr'><strong><em>cum</em></strong></span> <span class='ocrx_word' id='word_1_48' title='bbox 1058 1140 1208 1189; x_wconf 75' lang='lat' dir='ltr'><strong><em>fructu</em></strong></span> <span class='ocrx_word' id='word_1_49' title='bbox 1248 1138 1432 1184; x_wconf 77' lang='lat' dir='ltr'><strong><em>laborat,</em></strong></span> <span class='ocrx_word' id='word_1_50' title='bbox 1465 1135 1761 1175; x_wconf 70' lang='lat' dir='ltr'><strong><em>crescentibus</em></strong></span> 
     </span>
     <span class='ocr_line' id='line_1_9' title="bbox 236 1201 1760 1255; baseline -0.007 -6"><span class='ocrx_word' id='word_1_51' title='bbox 236 1213 283 1249; x_wconf 73' lang='lat' dir='ltr'><strong><em>in</em></strong></span> <span class='ocrx_word' id='word_1_52' title='bbox 313 1210 406 1248; x_wconf 74' lang='lat' dir='ltr'><strong><em>dies</em></strong></span> <span class='ocrx_word' id='word_1_53' title='bbox 449 1207 733 1247; x_wconf 70' lang='lat' dir='ltr'><strong><em>auditoribus</em></strong></span> <span class='ocrx_word' id='word_1_54' title='bbox 764 1208 801 1245; x_wconf 92' lang='lat' dir='ltr'><strong><em>et</em></strong></span> <span class='ocrx_word' id='word_1_55' title='bbox 831 1208 890 1244; x_wconf 75' lang='lat' dir='ltr'><strong><em>iis</em></strong></span> <span class='ocrx_word' id='word_1_56' title='bbox 920 1207 998 1255; x_wconf 73' lang='lat' dir='ltr'><strong><em>qui</em></strong></span> <span class='ocrx_word' id='word_1_57' title='bbox 1037 1205 1186 1243; x_wconf 82' lang='lat' dir='ltr'><strong><em>octavo</em></strong></span> <span class='ocrx_word' id='word_1_58' title='bbox 1236 1215 1405 1253; x_wconf 73' lang='lat' dir='ltr'><strong><em>quoque</em></strong></span> <span class='ocrx_word' id='word_1_59' title='bbox 1449 1202 1517 1240; x_wconf 78' lang='lat' dir='ltr'><strong><em>die</em></strong></span> <span class='ocrx_word' id='word_1_60' title='bbox 1560 1201 1760 1240; x_wconf 75' lang='lat' dir='ltr'><strong><em>euchari-</em></strong></span> 
     </span>
     <span class='ocr_line' id='line_1_10' title="bbox 234 1267 1760 1318; baseline -0.007 -4"><span class='ocrx_word' id='word_1_61' title='bbox 234 1277 371 1314; x_wconf 77' lang='lat' dir='ltr'><strong><em>stiam</em></strong></span> <span class='ocrx_word' id='word_1_62' title='bbox 401 1274 603 1312; x_wconf 72' lang='lat' dir='ltr'><strong><em>szmwnt.</em></strong></span> <span class='ocrx_word' id='word_1_63' title='bbox 641 1272 806 1311; x_wconf 74' lang='lat' dir='ltr'><strong><em>Crescit</em></strong></span> <span class='ocrx_word' id='word_1_64' title='bbox 835 1273 970 1310; x_wconf 75' lang='lat' dir='ltr'><strong><em>etiam</em></strong></span> <span class='ocrx_word' id='word_1_65' title='bbox 1001 1270 1273 1309; x_wconf 74' lang='lat' dir='ltr'><strong><em>desiderium</em></strong></span> <span class='ocrx_word' id='word_1_66' title='bbox 1309 1269 1484 1318; x_wconf 63' lang='lat' dir='ltr'><strong><em>collegii</em></strong></span> <span class='ocrx_word' id='word_1_67' title='bbox 1514 1267 1760 1306; x_wconf 76' lang='lat' dir='ltr'><strong><em>Societatis.</em></strong></span> 
     </span>
     <span class='ocr_line' id='line_1_11' title="bbox 236 1332 1762 1383; baseline -0.007 -4"><span class='ocrx_word' id='word_1_68' title='bbox 236 1341 372 1379; x_wconf 71' lang='lat' dir='ltr'><strong><em>Multi</em></strong></span> <span class='ocrx_word' id='word_1_69' title='bbox 403 1340 604 1378; x_wconf 74' lang='lat' dir='ltr'><strong><em>diversae</em></strong></span> <span class='ocrx_word' id='word_1_70' title='bbox 624 1338 895 1376; x_wconf 67' lang='lat' dir='ltr'><strong><em>conditionis</em></strong></span> <span class='ocrx_word' id='word_1_71' title='bbox 918 1337 1120 1375; x_wconf 76' lang='lat' dir='ltr'><strong><em>homines</em></strong></span> <span class='ocrx_word' id='word_1_72' title='bbox 1141 1335 1198 1373; x_wconf 82' lang='lat' dir='ltr'><strong><em>ad</em></strong></span> <span class='ocrx_word' id='word_1_73' title='bbox 1218 1334 1454 1383; x_wconf 66' lang='lat' dir='ltr'><strong><em>collegium</em></strong></span> <span class='ocrx_word' id='word_1_74' title='bbox 1475 1332 1762 1382; x_wconf 73' lang='lat' dir='ltr'><strong><em>fhmdandum</em></strong></span> 
     </span>
     <span class='ocr_line' id='line_1_12' title="bbox 235 1399 1762 1453; baseline -0.006 -9"><span class='ocrx_word' id='word_1_75' title='bbox 235 1406 346 1445; x_wconf 73' lang='lat' dir='ltr'><strong><em>bona</em></strong></span> <span class='ocrx_word' id='word_1_76' title='bbox 378 1405 584 1453; x_wconf 76' lang='lat' dir='ltr'><strong><em>afferunt.</em></strong></span> <span class='ocrx_word' id='word_1_77' title='bbox 624 1404 838 1442; x_wconf 77' lang='lat' dir='ltr'><strong><em>Rationes</em></strong></span> <span class='ocrx_word' id='word_1_78' title='bbox 872 1402 1064 1451; x_wconf 68' lang='lat' dir='ltr'><strong><em>exponit,</em></strong></span> <span class='ocrx_word' id='word_1_79' title='bbox 1098 1412 1209 1449; x_wconf 75' lang='lat' dir='ltr'><strong><em>quae</em></strong></span> <span class='ocrx_word' id='word_1_80' title='bbox 1239 1400 1476 1448; x_wconf 61' lang='lat' dir='ltr'><strong><em>collegium</em></strong></span> <span class='ocrx_word' id='word_1_81' title='bbox 1512 1399 1762 1436; x_wconf 55' lang='lat' dir='ltr'><strong><em>Tor-nucum</em></strong></span> 
     </span>
     <span class='ocr_line' id='line_1_13' title="bbox 235 1465 1424 1515; baseline -0.006 -6"><span class='ocrx_word' id='word_1_82' title='bbox 235 1470 503 1510; x_wconf 76' lang='lat' dir='ltr'><strong><em>mittendum</em></strong></span> <span class='ocrx_word' id='word_1_83' title='bbox 532 1469 736 1507; x_wconf 75' lang='lat' dir='ltr'><strong><em>suadent.</em></strong></span> <span class='ocrx_word' id='word_1_84' title='bbox 774 1467 930 1506; x_wconf 49' lang='grc' dir='ltr'><strong><em>(ἔναντα</em></strong></span> <span class='ocrx_word' id='word_1_85' title='bbox 960 1466 1183 1505; x_wconf 79' lang='lat' dir='ltr'><strong><em>benedicta</em></strong></span> <span class='ocrx_word' id='word_1_86' title='bbox 1209 1465 1424 1515; x_wconf 77' lang='lat' dir='ltr'><strong><em>postulat.</em></strong></span> 
     </span>
    </p>
   </div>
   <div class='ocr_carea' id='block_1_6' title="bbox 130 1597 1772 2568">
    <p class='ocr_par' dir='ltr' id='par_1_6' title="bbox 130 1597 1772 2568">
     <span class='ocr_line' id='line_1_14' title="bbox 236 1597 1758 1644; baseline -0.005 0"><span class='ocrx_word' id='word_1_87' title='bbox 236 1605 327 1644; x_wconf 81' lang='lat' dir='ltr'><strong><em>Pax</em></strong></span> <span class='ocrx_word' id='word_1_88' title='bbox 357 1603 475 1644; x_wconf 83' lang='lat' dir='ltr'><strong><em>Chri.</em></strong></span> <span class='ocrx_word' id='word_1_89' title='bbox 510 1604 609 1642; x_wconf 91' lang='lat' dir='ltr'><strong><em>Iesu</em></strong></span> <span class='ocrx_word' id='word_1_90' title='bbox 640 1602 819 1641; x_wconf 86' lang='lat' dir='ltr'>Domini</span> <span class='ocrx_word' id='word_1_91' title='bbox 864 1600 1004 1640; x_wconf 87' lang='lat' dir='ltr'><strong><em>nostri</em></strong></span> <span class='ocrx_word' id='word_1_92' title='bbox 1048 1600 1215 1640; x_wconf 85' lang='lat' dir='ltr'><strong><em>exultet</em></strong></span> <span class='ocrx_word' id='word_1_93' title='bbox 1245 1600 1292 1639; x_wconf 89' lang='lat' dir='ltr'><strong><em>in</em></strong></span> <span class='ocrx_word' id='word_1_94' title='bbox 1321 1599 1531 1639; x_wconf 81' lang='lat' dir='ltr'><strong><em>cordibus</em></strong></span> <span class='ocrx_word' id='word_1_95' title='bbox 1577 1597 1758 1637; x_wconf 80' lang='lat' dir='ltr'><strong><em>nostris.</em></strong></span> 
     </span>
     <span class='ocr_line' id='line_1_15' title="bbox 131 1663 1764 1720; baseline -0.005 -10"><span class='ocrx_word' id='word_1_96' title='bbox 131 1671 189 1711; x_wconf 85' lang='lat' dir='ltr'><strong><em>Ut</em></strong></span> <span class='ocrx_word' id='word_1_97' title='bbox 218 1681 386 1712; x_wconf 78' lang='lat' dir='ltr'><strong><em>eorum.</em></strong></span> <span class='ocrx_word' id='word_1_98' title='bbox 418 1680 532 1720; x_wconf 85' lang='lat' dir='ltr'><strong><em>quae</em></strong></span> <span class='ocrx_word' id='word_1_99' title='bbox 562 1668 767 1708; x_wconf 85' lang='lat' dir='ltr'><strong><em>Christus</em></strong></span> <span class='ocrx_word' id='word_1_100' title='bbox 798 1667 922 1706; x_wconf 87' lang='lat' dir='ltr'><strong><em>lesus</em></strong></span> <span class='ocrx_word' id='word_1_101' title='bbox 952 1678 1029 1717; x_wconf 88' lang='lat' dir='ltr'><strong><em>per</em></strong></span> <span class='ocrx_word' id='word_1_102' title='bbox 1058 1677 1188 1705; x_wconf 88' lang='lat' dir='ltr'><strong><em>suum</em></strong></span> <span class='ocrx_word' id='word_1_103' title='bbox 1221 1665 1455 1704; x_wconf 87' lang='lat' dir='ltr'><strong><em>minimum</em></strong></span> <span class='ocrx_word' id='word_1_104' title='bbox 1482 1666 1523 1703; x_wconf 87' lang='lat' dir='ltr'><strong><em>et</em></strong></span> <span class='ocrx_word' id='word_1_105' title='bbox 1559 1663 1764 1703; x_wconf 89' lang='lat' dir='ltr'><strong><em>inutilem</em></strong></span> 
     </span>
     <span class='ocr_line' id='line_1_16' title="bbox 130 1728 1764 1784; baseline -0.006 -9"><span class='ocrx_word' id='word_1_106' title='bbox 130 1747 309 1775; x_wconf 88' lang='lat' dir='ltr'><strong><em>seruum</em></strong></span> <span class='ocrx_word' id='word_1_107' title='bbox 341 1733 529 1773; x_wconf 84' lang='lat' dir='ltr'><strong><em>Tornaci</em></strong></span> <span class='ocrx_word' id='word_1_108' title='bbox 560 1733 772 1784; x_wconf 82' lang='lat' dir='ltr'><strong><em>dignatus</em></strong></span> <span class='ocrx_word' id='word_1_109' title='bbox 802 1731 860 1771; x_wconf 91' lang='lat' dir='ltr'><strong><em>sit</em></strong></span> <span class='ocrx_word' id='word_1_110' title='bbox 888 1731 1078 1782; x_wconf 77' lang='lat' dir='ltr'><strong><em>operarj,</em></strong></span> <span class='ocrx_word' id='word_1_111' title='bbox 1116 1730 1166 1771; x_wconf 73' lang='lat' dir='ltr'><strong><em>V.</em></strong></span> <span class='ocrx_word' id='word_1_112' title='bbox 1201 1730 1253 1770; x_wconf 82' lang='lat' dir='ltr'><strong><em>R.</em></strong></span> <span class='ocrx_word' id='word_1_113' title='bbox 1287 1730 1334 1769; x_wconf 87' lang='lat' dir='ltr'><strong><em>P.</em></strong></span> <span class='ocrx_word' id='word_1_114' title='bbox 1368 1729 1502 1768; x_wconf 89' lang='lat' dir='ltr'><strong><em>semel</em></strong></span> <span class='ocrx_word' id='word_1_115' title='bbox 1547 1728 1764 1768; x_wconf 87' lang='lat' dir='ltr'><strong><em>rationem</em></strong></span> 
     </span>
     <span class='ocr_line' id='line_1_17' title="bbox 132 1793 1764 1846; baseline -0.005 -6"><span class='ocrx_word' id='word_1_116' title='bbox 132 1801 337 1846; x_wconf 80' lang='lat' dir='ltr'><strong><em>reddam;</em></strong></span> <span class='ocrx_word' id='word_1_117' title='bbox 370 1799 534 1838; x_wconf 85' lang='lat' dir='ltr'><strong><em>abhinc</em></strong></span> <span class='ocrx_word' id='word_1_118' title='bbox 564 1797 738 1837; x_wconf 76' lang='lat' dir='ltr'><strong><em>circiter</em></strong></span> <span class='ocrx_word' id='word_1_119' title='bbox 767 1797 880 1836; x_wconf 89' lang='lat' dir='ltr'><strong><em>duos</em></strong></span> <span class='ocrx_word' id='word_1_120' title='bbox 910 1808 1053 1835; x_wconf 87' lang='lat' dir='ltr'><strong><em>annos</em></strong></span> <span class='ocrx_word' id='word_1_121' title='bbox 1084 1796 1213 1835; x_wconf 85' lang='lat' dir='ltr'><strong><em>Pater</em></strong></span> <span class='ocrx_word' id='word_1_122' title='bbox 1243 1797 1393 1835; x_wconf 89' lang='lat' dir='ltr'><strong><em>noster</em></strong></span> <span class='ocrx_word' id='word_1_123' title='bbox 1424 1793 1721 1833; x_wconf 85' lang='lat' dir='ltr'><strong><em>Prouincialis</em></strong></span> <span class='ocrx_word' id='word_1_124' title='bbox 1749 1794 1764 1816; x_wconf 75' lang='lat'><strong>2</strong></span> 
     </span>
     <span class='ocr_line' id='line_1_18' title="bbox 135 1858 1763 1915; baseline -0.005 -10"><span class='ocrx_word' id='word_1_125' title='bbox 135 1865 253 1905; x_wconf 86' lang='lat' dir='ltr'><strong><em>verbi</em></strong></span> <span class='ocrx_word' id='word_1_126' title='bbox 284 1864 360 1915; x_wconf 82' lang='lat' dir='ltr'><strong><em>Dej</em></strong></span> <span class='ocrx_word' id='word_1_127' title='bbox 396 1865 527 1903; x_wconf 86' lang='lat' dir='ltr'><strong><em>hamo</em></strong></span> <span class='ocrx_word' id='word_1_128' title='bbox 558 1875 626 1902; x_wconf 90' lang='lat' dir='ltr'><strong><em>me</em></strong></span> <span class='ocrx_word' id='word_1_129' title='bbox 656 1862 873 1913; x_wconf 78' lang='lat' dir='ltr'><strong><em>piscatum</em></strong></span> <span class='ocrx_word' id='word_1_130' title='bbox 906 1861 1028 1900; x_wconf 89' lang='lat' dir='ltr'><strong><em>misit</em></strong></span> <span class='ocrx_word' id='word_1_131' title='bbox 1058 1861 1201 1911; x_wconf 88' lang='lat' dir='ltr'><strong><em>primo</em></strong></span> <span class='ocrx_word' id='word_1_132' title='bbox 1231 1860 1285 1899; x_wconf 89' lang='lat' dir='ltr'><strong><em>ad</em></strong></span> <span class='ocrx_word' id='word_1_133' title='bbox 1317 1872 1480 1911; x_wconf 80' lang='lat' dir='ltr'><strong><em>pagum</em></strong></span> <span class='ocrx_word' id='word_1_134' title='bbox 1524 1858 1763 1910; x_wconf 84' lang='lat' dir='ltr'><strong><em>quendam,</em></strong></span> 
     </span>
     <span class='ocr_line' id='line_1_19' title="bbox 133 1924 1762 1982; baseline -0.005 -12"><span class='ocrx_word' id='word_1_135' title='bbox 133 1930 415 1982; x_wconf 87' lang='lat' dir='ltr'><strong><em>postmodum</em></strong></span> <span class='ocrx_word' id='word_1_136' title='bbox 440 1929 704 1968; x_wconf 86' lang='lat' dir='ltr'><strong><em>Tornacum.</em></strong></span> <span class='ocrx_word' id='word_1_137' title='bbox 729 1927 820 1966; x_wconf 88' lang='lat' dir='ltr'><strong><em>Etsi</em></strong></span> <span class='ocrx_word' id='word_1_138' title='bbox 854 1939 929 1978; x_wconf 86' lang='lat' dir='ltr'><strong><em>per</em></strong></span> <span class='ocrx_word' id='word_1_139' title='bbox 958 1926 1130 1977; x_wconf 79' lang='lat' dir='ltr'><strong><em>aliquot</em></strong></span> <span class='ocrx_word' id='word_1_140' title='bbox 1158 1926 1253 1965; x_wconf 88' lang='lat' dir='ltr'><strong><em>dies</em></strong></span> <span class='ocrx_word' id='word_1_141' title='bbox 1283 1937 1333 1964; x_wconf 89' lang='lat' dir='ltr'><strong><em>ac</em></strong></span> <span class='ocrx_word' id='word_1_142' title='bbox 1359 1927 1510 1964; x_wconf 85' lang='lat' dir='ltr'><strong><em>noctes</em></strong></span> <span class='ocrx_word' id='word_1_143' title='bbox 1539 1924 1762 1972; x_wconf 85' lang='lat' dir='ltr'><strong><em>laborans,</em></strong></span> 
     </span>
     <span class='ocr_line' id='line_1_20' title="bbox 133 1988 1764 2046; baseline -0.005 -11"><span class='ocrx_word' id='word_1_144' title='bbox 133 2007 223 2035; x_wconf 87' lang='lat' dir='ltr'><strong><em>non</em></strong></span> <span class='ocrx_word' id='word_1_145' title='bbox 254 2007 392 2046; x_wconf 82' lang='lat' dir='ltr'><strong><em>vsque</em></strong></span> <span class='ocrx_word' id='word_1_146' title='bbox 423 1994 533 2033; x_wconf 85' lang='lat' dir='ltr'><strong><em>adeo</em></strong></span> <span class='ocrx_word' id='word_1_147' title='bbox 565 1993 751 2032; x_wconf 82' lang='lat' dir='ltr'><strong><em>multum</em></strong></span> <span class='ocrx_word' id='word_1_148' title='bbox 798 1992 988 2043; x_wconf 80' lang='lat' dir='ltr'><strong><em>ceperim</em></strong></span> <span class='ocrx_word' id='word_1_149' title='bbox 1019 1993 1056 2038; x_wconf 70' lang='lat'><strong><em>³3</em></strong></span> <span class='ocrx_word' id='word_1_150' title='bbox 1090 2003 1243 2030; x_wconf 87' lang='lat' dir='ltr'><strong><em>verum</em></strong></span> <span class='ocrx_word' id='word_1_151' title='bbox 1287 1990 1467 2041; x_wconf 86' lang='lat' dir='ltr'><strong><em>quando</em></strong></span> <span class='ocrx_word' id='word_1_152' title='bbox 1512 1989 1679 2040; x_wconf 84' lang='lat' dir='ltr'><strong><em>placuit</em></strong></span> <span class='ocrx_word' id='word_1_153' title='bbox 1708 1988 1764 2036; x_wconf 88' lang='lat' dir='ltr'><strong><em>ei,</em></strong></span> 
     </span>
     <span class='ocr_line' id='line_1_21' title="bbox 132 2054 1768 2112; baseline -0.004 -12"><span class='ocrx_word' id='word_1_154' title='bbox 132 2060 209 2112; x_wconf 89' lang='lat' dir='ltr'><strong><em>qui</em></strong></span> <span class='ocrx_word' id='word_1_155' title='bbox 239 2063 398 2111; x_wconf 88' lang='lat' dir='ltr'><strong><em>potens</em></strong></span> <span class='ocrx_word' id='word_1_156' title='bbox 429 2062 495 2099; x_wconf 88' lang='lat' dir='ltr'><strong><em>est</em></strong></span> <span class='ocrx_word' id='word_1_157' title='bbox 524 2058 674 2098; x_wconf 82' lang='lat' dir='ltr'><strong><em>omnia</em></strong></span> <span class='ocrx_word' id='word_1_158' title='bbox 697 2058 837 2097; x_wconf 86' lang='lat' dir='ltr'><strong><em>facere</em></strong></span> <span class='ocrx_word' id='word_1_159' title='bbox 868 2056 1285 2108; x_wconf 76' lang='lat' dir='ltr'><strong><em>superabundanter</em></strong></span> <span class='ocrx_word' id='word_1_160' title='bbox 1313 2067 1445 2106; x_wconf 87' lang='lat' dir='ltr'><strong><em>quam</em></strong></span> <span class='ocrx_word' id='word_1_161' title='bbox 1478 2054 1670 2105; x_wconf 89' lang='lat' dir='ltr'><strong><em>petimus</em></strong></span> <span class='ocrx_word' id='word_1_162' title='bbox 1691 2056 1768 2093; x_wconf 88' lang='lat' dir='ltr'><strong><em>aut</em></strong></span> 
     </span>
     <span class='ocr_line' id='line_1_22' title="bbox 134 2120 1768 2177; baseline -0.004 -11"><span class='ocrx_word' id='word_1_163' title='bbox 134 2126 429 2177; x_wconf 80' lang='lat' dir='ltr'><strong><em>intelligimus</em></strong></span> <span class='ocrx_word' id='word_1_164' title='bbox 459 2128 488 2174; x_wconf 71' lang='lat'><strong><em>⁴,</em></strong></span> <span class='ocrx_word' id='word_1_165' title='bbox 521 2124 682 2164; x_wconf 82' lang='lat' dir='ltr'><strong><em>laxatis</em></strong></span> <span class='ocrx_word' id='word_1_166' title='bbox 713 2123 759 2162; x_wconf 88' lang='lat' dir='ltr'><strong><em>in</em></strong></span> <span class='ocrx_word' id='word_1_167' title='bbox 790 2123 924 2162; x_wconf 83' lang='lat' dir='ltr'><strong><em>verbo</em></strong></span> <span class='ocrx_word' id='word_1_168' title='bbox 963 2134 1044 2162; x_wconf 92' lang='lat' dir='ltr'><strong><em>suo</em></strong></span> <span class='ocrx_word' id='word_1_169' title='bbox 1075 2122 1259 2168; x_wconf 86' lang='lat' dir='ltr'><strong><em>retibus,</em></strong></span> <span class='ocrx_word' id='word_1_170' title='bbox 1305 2120 1509 2172; x_wconf 88' lang='lat' dir='ltr'><strong><em>impleuit</em></strong></span> <span class='ocrx_word' id='word_1_171' title='bbox 1539 2122 1576 2163; x_wconf 77' lang='lat'><strong><em>5:</em></strong></span> <span class='ocrx_word' id='word_1_172' title='bbox 1610 2132 1713 2159; x_wconf 89' lang='lat' dir='ltr'><strong><em>nam</em></strong></span> <span class='ocrx_word' id='word_1_173' title='bbox 1743 2132 1768 2159; x_wconf 85' lang='lat' dir='ltr'><strong><em>a</em></strong></span> 
     </span>
     <span class='ocr_line' id='line_1_23' title="bbox 133 2185 1769 2243; baseline -0.005 -12"><span class='ocrx_word' id='word_1_174' title='bbox 133 2191 405 2243; x_wconf 86' lang='lat' dir='ltr'><strong><em>sesquianno</em></strong></span> <span class='ocrx_word' id='word_1_175' title='bbox 437 2189 760 2240; x_wconf 85' lang='lat' dir='ltr'><strong><em>multiplicatus</em></strong></span> <span class='ocrx_word' id='word_1_176' title='bbox 790 2191 855 2228; x_wconf 88' lang='lat' dir='ltr'><strong><em>est</em></strong></span> <span class='ocrx_word' id='word_1_177' title='bbox 886 2199 1099 2227; x_wconf 87' lang='lat' dir='ltr'><strong><em>numerus</em></strong></span> <span class='ocrx_word' id='word_1_178' title='bbox 1129 2187 1258 2226; x_wconf 87' lang='lat' dir='ltr'><strong><em>nobis</em></strong></span> <span class='ocrx_word' id='word_1_179' title='bbox 1301 2185 1607 2226; x_wconf 84' lang='lat' dir='ltr'><strong><em>confitentium</em></strong></span> <span class='ocrx_word' id='word_1_180' title='bbox 1640 2198 1665 2224; x_wconf 87' lang='lat' dir='ltr'><strong><em>a</em></strong></span> <span class='ocrx_word' id='word_1_181' title='bbox 1696 2186 1769 2224; x_wconf 77' lang='lat' dir='ltr'><strong><em>vix</em></strong></span> 
     </span>
     <span class='ocr_line' id='line_1_24' title="bbox 133 2251 1766 2307; baseline -0.004 -11"><span class='ocrx_word' id='word_1_182' title='bbox 133 2257 297 2303; x_wconf 87' lang='lat' dir='ltr'><strong><em>decem,</em></strong></span> <span class='ocrx_word' id='word_1_183' title='bbox 329 2255 405 2307; x_wconf 88' lang='lat' dir='ltr'><strong><em>qui</em></strong></span> <span class='ocrx_word' id='word_1_184' title='bbox 436 2268 535 2294; x_wconf 83' lang='lat' dir='ltr'><strong><em>raro</em></strong></span> <span class='ocrx_word' id='word_1_185' title='bbox 565 2254 804 2294; x_wconf 81' lang='lat' dir='ltr'><strong><em>admodum</em></strong></span> <span class='ocrx_word' id='word_1_186' title='bbox 835 2253 1241 2300; x_wconf 75' lang='lat' dir='ltr'><strong><em>communicabant,</em></strong></span> <span class='ocrx_word' id='word_1_187' title='bbox 1274 2263 1412 2303; x_wconf 71' lang='lat' dir='ltr'><strong><em>Vsque</em></strong></span> <span class='ocrx_word' id='word_1_188' title='bbox 1434 2251 1489 2290; x_wconf 86' lang='lat' dir='ltr'><strong><em>ad</em></strong></span> <span class='ocrx_word' id='word_1_189' title='bbox 1519 2251 1766 2302; x_wconf 78' lang='lat' dir='ltr'><strong><em>sexaginta,</em></strong></span> 
     </span>
     <span class='ocr_line' id='line_1_25' title="bbox 133 2315 1769 2373; baseline -0.004 -12"><span class='ocrx_word' id='word_1_190' title='bbox 133 2322 298 2373; x_wconf 91' lang='lat' dir='ltr'><strong><em>quibus</em></strong></span> <span class='ocrx_word' id='word_1_191' title='bbox 319 2320 512 2372; x_wconf 77' lang='lat' dir='ltr'><strong><em>singulis</em></strong></span> <span class='ocrx_word' id='word_1_192' title='bbox 533 2319 774 2359; x_wconf 89' lang='lat' dir='ltr'><strong><em>dominicis</em></strong></span> <span class='ocrx_word' id='word_1_193' title='bbox 794 2318 1087 2369; x_wconf 87' lang='lat' dir='ltr'><strong><em>apposuimus</em></strong></span> <span class='ocrx_word' id='word_1_194' title='bbox 1110 2317 1287 2357; x_wconf 87' lang='lat' dir='ltr'><strong><em>Domini</em></strong></span> <span class='ocrx_word' id='word_1_195' title='bbox 1318 2316 1458 2356; x_wconf 87' lang='lat' dir='ltr'><strong><em>nostri</em></strong></span> <span class='ocrx_word' id='word_1_196' title='bbox 1482 2317 1581 2355; x_wconf 91' lang='lat' dir='ltr'><strong><em>Iesu</em></strong></span> <span class='ocrx_word' id='word_1_197' title='bbox 1603 2315 1769 2355; x_wconf 87' lang='lat' dir='ltr'><strong><em>Christi</em></strong></span> 
     </span>
     <span class='ocr_line' id='line_1_26' title="bbox 135 2382 1769 2436; baseline -0.004 -9"><span class='ocrx_word' id='word_1_198' title='bbox 135 2398 347 2426; x_wconf 85' lang='lat' dir='ltr'><strong><em>mensam.</em></strong></span> <span class='ocrx_word' id='word_1_199' title='bbox 398 2385 537 2426; x_wconf 86' lang='lat' dir='ltr'><strong><em>Cuius</em></strong></span> <span class='ocrx_word' id='word_1_200' title='bbox 580 2387 714 2436; x_wconf 81' lang='lat' dir='ltr'><strong><em>gustu</em></strong></span> <span class='ocrx_word' id='word_1_201' title='bbox 762 2384 1024 2423; x_wconf 84' lang='lat' dir='ltr'><strong><em>alliciuntur</em></strong></span> <span class='ocrx_word' id='word_1_202' title='bbox 1054 2383 1099 2422; x_wconf 90' lang='lat' dir='ltr'><strong><em>in</em></strong></span> <span class='ocrx_word' id='word_1_203' title='bbox 1134 2383 1229 2422; x_wconf 88' lang='lat' dir='ltr'><strong><em>dies</em></strong></span> <span class='ocrx_word' id='word_1_204' title='bbox 1277 2382 1430 2432; x_wconf 76' lang='lat' dir='ltr'><strong><em>multi:</em></strong></span> <span class='ocrx_word' id='word_1_205' title='bbox 1480 2382 1769 2433; x_wconf 82' lang='lat' dir='ltr'><strong><em>quamobrem</em></strong></span> 
     </span>
     <span class='ocr_line' id='line_1_27' title="bbox 135 2446 1768 2494; baseline -0.004 -3"><span class='ocrx_word' id='word_1_206' title='bbox 135 2453 282 2491; x_wconf 81' lang='lat' dir='ltr'><strong><em>motus</em></strong></span> <span class='ocrx_word' id='word_1_207' title='bbox 314 2452 443 2491; x_wconf 90' lang='lat' dir='ltr'><strong><em>Pater</em></strong></span> <span class='ocrx_word' id='word_1_208' title='bbox 474 2449 772 2490; x_wconf 87' lang='lat' dir='ltr'><strong><em>Prouincialis</em></strong></span> <span class='ocrx_word' id='word_1_209' title='bbox 802 2461 826 2488; x_wconf 92' lang='lat' dir='ltr'><strong><em>a</em></strong></span> <span class='ocrx_word' id='word_1_210' title='bbox 857 2448 1059 2488; x_wconf 89' lang='lat' dir='ltr'><strong><em>Louanio</em></strong></span> <span class='ocrx_word' id='word_1_211' title='bbox 1090 2449 1134 2487; x_wconf 90' lang='lat' dir='ltr'><strong><em>in</em></strong></span> <span class='ocrx_word' id='word_1_212' title='bbox 1168 2459 1355 2487; x_wconf 86' lang='lat' dir='ltr'><strong><em>messem</em></strong></span> <span class='ocrx_word' id='word_1_213' title='bbox 1386 2449 1584 2486; x_wconf 88' lang='lat' dir='ltr'><strong><em>nostram</em></strong></span> <span class='ocrx_word' id='word_1_214' title='bbox 1632 2446 1768 2494; x_wconf 80' lang='lat' dir='ltr'><strong><em>misit,</em></strong></span> 
     </span>
     <span class='ocr_line' id='line_1_28' title="bbox 135 2511 1772 2568; baseline -0.004 -12"><span class='ocrx_word' id='word_1_215' title='bbox 135 2528 226 2556; x_wconf 90' lang='lat' dir='ltr'><strong><em>non</em></strong></span> <span class='ocrx_word' id='word_1_216' title='bbox 255 2517 351 2556; x_wconf 85' lang='lat' dir='ltr'><strong><em>sine</em></strong></span> <span class='ocrx_word' id='word_1_217' title='bbox 381 2528 543 2568; x_wconf 81' lang='lat' dir='ltr'><strong><em>magna</em></strong></span> <span class='ocrx_word' id='word_1_218' title='bbox 571 2515 892 2555; x_wconf 81' lang='lat' dir='ltr'><strong><em>catholicorum</em></strong></span> <span class='ocrx_word' id='word_1_219' title='bbox 935 2513 1255 2559; x_wconf 89' lang='lat' dir='ltr'><strong><em>consolatione,</em></strong></span> <span class='ocrx_word' id='word_1_220' title='bbox 1288 2513 1475 2564; x_wconf 82' lang='lat' dir='ltr'><strong><em>Mgrum.</em></strong></span> <span class='ocrx_word' id='word_1_221' title='bbox 1508 2511 1772 2551; x_wconf 84' lang='lat' dir='ltr'><strong><em>Maximilia-</em></strong></span> 
     </span>
    </p>
   </div>
   <div class='ocr_carea' id='block_1_7' title="bbox 137 2694 1773 3112">
    <p class='ocr_par' dir='ltr' id='par_1_7' title="bbox 200 2694 1746 2739">
     <span class='ocr_line' id='line_1_29' title="bbox 200 2694 1746 2739; baseline -0.003 -9"><span class='ocrx_word' id='word_1_222' title='bbox 200 2701 209 2718; x_wconf 92' lang='lat'>¹</span> <span class='ocrx_word' id='word_1_223' title='bbox 233 2699 286 2730; x_wconf 83' lang='lat' dir='ltr'><strong><em>Ex</em></strong></span> <span class='ocrx_word' id='word_1_224' title='bbox 309 2697 543 2739; x_wconf 83' lang='lat' dir='ltr'><strong><em>autographo</em></strong></span> <span class='ocrx_word' id='word_1_225' title='bbox 567 2698 606 2729; x_wconf 94' lang='lat' dir='ltr'><strong><em>in</em></strong></span> <span class='ocrx_word' id='word_1_226' title='bbox 630 2697 708 2729; x_wconf 87' lang='lat' dir='ltr'><strong><em>cod.</em></strong></span> <span class='ocrx_word' id='word_1_227' title='bbox 738 2696 866 2728; x_wconf 84' lang='lat' dir='ltr'><strong><em>Germ.</em></strong></span> <span class='ocrx_word' id='word_1_228' title='bbox 892 2696 975 2735; x_wconf 75' lang='lat'><strong><em>142,</em></strong></span> <span class='ocrx_word' id='word_1_229' title='bbox 1000 2696 1024 2728; x_wconf 86' lang='lat' dir='ltr'><strong><em>f.</em></strong></span> <span class='ocrx_word' id='word_1_230' title='bbox 1049 2697 1121 2734; x_wconf 84' lang='lat'><strong><em>310,</em></strong></span> <span class='ocrx_word' id='word_1_231' title='bbox 1146 2696 1229 2734; x_wconf 86' lang='lat'>311;</span> <span class='ocrx_word' id='word_1_232' title='bbox 1255 2697 1361 2737; x_wconf 90' lang='lat' dir='ltr'><strong><em>prius</em></strong></span> <span class='ocrx_word' id='word_1_233' title='bbox 1383 2696 1456 2734; x_wconf 84' lang='lat'><strong><em>307,</em></strong></span> <span class='ocrx_word' id='word_1_234' title='bbox 1482 2696 1543 2727; x_wconf 84' lang='lat'><strong><em>308</em></strong></span> <span class='ocrx_word' id='word_1_235' title='bbox 1566 2694 1746 2735; x_wconf 63' lang='lat'><strong>(332-333).</strong></span> 
     </span>
    </p>

    <p class='ocr_par' dir='ltr' id='par_1_8' title="bbox 137 2747 1773 2951">
     <span class='ocr_line' id='line_1_30' title="bbox 199 2747 1772 2790; baseline -0.004 -6"><span class='ocrx_word' id='word_1_236' title='bbox 199 2755 211 2771; x_wconf 75' lang='lat'>2</span> <span class='ocrx_word' id='word_1_237' title='bbox 233 2752 271 2784; x_wconf 89' lang='lat' dir='ltr'><strong><em>P.</em></strong></span> <span class='ocrx_word' id='word_1_238' title='bbox 297 2751 504 2783; x_wconf 86' lang='lat' dir='ltr'><strong><em>Everardus</em></strong></span> <span class='ocrx_word' id='word_1_239' title='bbox 529 2750 796 2783; x_wconf 76' lang='lat' dir='ltr'><strong><em>Mercurianus</em></strong></span> <span class='ocrx_word' id='word_1_240' title='bbox 823 2750 873 2781; x_wconf 90' lang='lat' dir='ltr'><strong><em>De</em></strong></span> <span class='ocrx_word' id='word_1_241' title='bbox 896 2750 1020 2781; x_wconf 91' lang='lat' dir='ltr'><strong><em>initiis</em></strong></span> <span class='ocrx_word' id='word_1_242' title='bbox 1044 2751 1079 2782; x_wconf 89' lang='lat' dir='ltr'><strong><em>et</em></strong></span> <span class='ocrx_word' id='word_1_243' title='bbox 1102 2749 1323 2781; x_wconf 84' lang='lat' dir='ltr'><strong><em>fundatione</em></strong></span> <span class='ocrx_word' id='word_1_244' title='bbox 1360 2749 1506 2790; x_wconf 85' lang='lat' dir='ltr'><strong><em>collegii</em></strong></span> <span class='ocrx_word' id='word_1_245' title='bbox 1540 2747 1772 2780; x_wconf 84' lang='lat' dir='ltr'><strong><em>tornacensis</em></strong></span> 
     </span>
     <span class='ocr_line' id='line_1_31' title="bbox 138 2802 1773 2845; baseline -0.003 -7"><span class='ocrx_word' id='word_1_246' title='bbox 138 2806 222 2838; x_wconf 84' lang='lat' dir='ltr'><strong><em>vide</em></strong></span> <span class='ocrx_word' id='word_1_247' title='bbox 245 2806 298 2837; x_wconf 88' lang='lat' dir='ltr'><strong><em>sis</em></strong></span> <span class='ocrx_word' id='word_1_248' title='bbox 323 2806 363 2838; x_wconf 83' lang='lat' dir='ltr'><strong><em>A.</em></strong></span> <span class='ocrx_word' id='word_1_249' title='bbox 390 2805 598 2837; x_wconf 67' lang='lat' dir='ltr'><strong><em>Poxcmm:</em></strong></span> <span class='ocrx_word' id='word_1_250' title='bbox 624 2804 799 2836; x_wconf 76' lang='lat' dir='ltr'><strong><em>Histoire</em></strong></span> <span class='ocrx_word' id='word_1_251' title='bbox 825 2804 870 2835; x_wconf 85' lang='lat' dir='ltr'><strong><em>de</em></strong></span> <span class='ocrx_word' id='word_1_252' title='bbox 887 2804 927 2835; x_wconf 86' lang='lat' dir='ltr'><strong><em>la</em></strong></span> <span class='ocrx_word' id='word_1_253' title='bbox 948 2802 1185 2845; x_wconf 73' lang='lat' dir='ltr'><strong><em>Compaynie</em></strong></span> <span class='ocrx_word' id='word_1_254' title='bbox 1209 2803 1255 2835; x_wconf 84' lang='lat' dir='ltr'><strong><em>de</em></strong></span> <span class='ocrx_word' id='word_1_255' title='bbox 1277 2803 1395 2835; x_wconf 59' lang='lat' dir='ltr'><strong><em>&lt;Iesus</em></strong></span> <span class='ocrx_word' id='word_1_256' title='bbox 1409 2803 1512 2835; x_wconf 76' lang='lat' dir='ltr'><strong><em>dans</em></strong></span> <span class='ocrx_word' id='word_1_257' title='bbox 1529 2803 1583 2834; x_wconf 77' lang='lat' dir='ltr'><strong><em>les</em></strong></span> <span class='ocrx_word' id='word_1_258' title='bbox 1606 2802 1773 2833; x_wconf 60' lang='lat' dir='ltr'><strong><em>ariciens</em></strong></span> 
     </span>
     <span class='ocr_line' id='line_1_32' title="bbox 137 2855 1772 2900; baseline -0.003 -9"><span class='ocrx_word' id='word_1_259' title='bbox 137 2859 357 2900; x_wconf 68' lang='lat' dir='ltr'><strong><em>Pays-Bas,</em></strong></span> <span class='ocrx_word' id='word_1_260' title='bbox 383 2859 410 2897; x_wconf 82' lang='grc' dir='ltr'><strong><em>Ι,</em></strong></span> <span class='ocrx_word' id='word_1_261' title='bbox 434 2859 476 2890; x_wconf 89' lang='lat'><strong><em>60</em></strong></span> <span class='ocrx_word' id='word_1_262' title='bbox 498 2858 668 2899; x_wconf 58' lang='lat' dir='ltr'><strong><em>sqq.,14s</em></strong></span> <span class='ocrx_word' id='word_1_263' title='bbox 691 2867 781 2898; x_wconf 81' lang='lat' dir='ltr'><strong><em>sqq;</em></strong></span> <span class='ocrx_word' id='word_1_264' title='bbox 807 2857 871 2898; x_wconf 90' lang='lat' dir='ltr'><strong><em>qui</em></strong></span> <span class='ocrx_word' id='word_1_265' title='bbox 896 2866 981 2898; x_wconf 83' lang='lat' dir='ltr'><strong><em>pag.</em></strong></span> <span class='ocrx_word' id='word_1_266' title='bbox 1008 2857 1068 2888; x_wconf 79' lang='lat'><strong><em>144</em></strong></span> <span class='ocrx_word' id='word_1_267' title='bbox 1091 2856 1161 2888; x_wconf 85' lang='lat' dir='ltr'><strong><em>hac</em></strong></span> <span class='ocrx_word' id='word_1_268' title='bbox 1184 2857 1344 2898; x_wconf 85' lang='lat' dir='ltr'><strong><em>epistola</em></strong></span> <span class='ocrx_word' id='word_1_269' title='bbox 1377 2857 1510 2888; x_wconf 84' lang='lat' dir='ltr'><strong><em>utitur.</em></strong></span> <span class='ocrx_word' id='word_1_270' title='bbox 1536 2855 1628 2887; x_wconf 88' lang='lat' dir='ltr'><strong><em>Vide</em></strong></span> <span class='ocrx_word' id='word_1_271' title='bbox 1659 2855 1772 2887; x_wconf 80' lang='lat' dir='ltr'><strong><em>etiam</em></strong></span> 
     </span>
     <span class='ocr_line' id='line_1_33' title="bbox 138 2909 1228 2951; baseline -0.002 -7"><span class='ocrx_word' id='word_1_272' title='bbox 138 2912 283 2944; x_wconf 77' lang='lat' dir='ltr'><strong><em>Laim‘i</em></strong></span> <span class='ocrx_word' id='word_1_273' title='bbox 307 2912 575 2951; x_wconf 73' lang='lat' dir='ltr'><strong><em>Monumenta,</em></strong></span> <span class='ocrx_word' id='word_1_274' title='bbox 601 2911 643 2950; x_wconf 87' lang='lat' dir='ltr'><strong><em>V,</em></strong></span> <span class='ocrx_word' id='word_1_275' title='bbox 668 2911 740 2950; x_wconf 67' lang='lat'><strong><em>342,</em></strong></span> <span class='ocrx_word' id='word_1_276' title='bbox 765 2911 837 2948; x_wconf 71' lang='lat'><strong><em>4026,</em></strong></span> <span class='ocrx_word' id='word_1_277' title='bbox 864 2910 947 2949; x_wconf 72' lang='lat'><strong><em>430:</em></strong></span> <span class='ocrx_word' id='word_1_278' title='bbox 973 2909 1033 2949; x_wconf 88' lang='lat' dir='ltr'><strong><em>VI,</em></strong></span> <span class='ocrx_word' id='word_1_279' title='bbox 1060 2910 1131 2949; x_wconf 79' lang='lat'><strong><em>163,</em></strong></span> <span class='ocrx_word' id='word_1_280' title='bbox 1158 2911 1228 2942; x_wconf 83' lang='lat'><strong>165.</strong></span> 
     </span>
    </p>

    <p class='ocr_par' dir='ltr' id='par_1_9' title="bbox 203 2965 528 3005">
     <span class='ocr_line' id='line_1_34' title="bbox 203 2965 528 3005; baseline -0.003 -7"><span class='ocrx_word' id='word_1_281' title='bbox 203 2967 215 2985; x_wconf 83' lang='lat'>³</span> <span class='ocrx_word' id='word_1_282' title='bbox 237 2965 288 2998; x_wconf 87' lang='lat' dir='ltr'><strong><em>Cf.</em></strong></span> <span class='ocrx_word' id='word_1_283' title='bbox 315 2965 400 2998; x_wconf 85' lang='lat' dir='ltr'><strong><em>LUc.</em></strong></span> <span class='ocrx_word' id='word_1_284' title='bbox 432 2965 472 3005; x_wconf 92' lang='lat' dir='ltr'><strong><em>V,</em></strong></span> <span class='ocrx_word' id='word_1_285' title='bbox 497 2966 528 2997; x_wconf 82' lang='lat'><strong><em>5.</em></strong></span> 
     </span>
    </p>

    <p class='ocr_par' dir='ltr' id='par_1_10' title="bbox 202 3018 609 3058">
     <span class='ocr_line' id='line_1_35' title="bbox 202 3018 609 3058; baseline -0.005 -7"><span class='ocrx_word' id='word_1_286' title='bbox 202 3021 215 3038; x_wconf 81' lang='lat'>⁴</span> <span class='ocrx_word' id='word_1_287' title='bbox 236 3018 287 3051; x_wconf 87' lang='lat' dir='ltr'><strong><em>Cf.</em></strong></span> <span class='ocrx_word' id='word_1_288' title='bbox 313 3019 445 3051; x_wconf 78' lang='lat' dir='ltr'><strong><em>EPHEs.</em></strong></span> <span class='ocrx_word' id='word_1_289' title='bbox 471 3019 533 3058; x_wconf 90' lang='grc' dir='ltr'>ΙΙΙ,</span> <span class='ocrx_word' id='word_1_290' title='bbox 558 3019 609 3050; x_wconf 68' lang='lat'><strong><em>20.</em></strong></span> 
     </span>
    </p>

    <p class='ocr_par' dir='ltr' id='par_1_11' title="bbox 203 3072 452 3112">
     <span class='ocr_line' id='line_1_36' title="bbox 203 3072 452 3112; baseline 0 -8"><span class='ocrx_word' id='word_1_291' title='bbox 203 3075 215 3092; x_wconf 75' lang='lat'><strong>⁶</strong></span> <span class='ocrx_word' id='word_1_292' title='bbox 236 3072 337 3112; x_wconf 59' lang='lat' dir='ltr'><strong><em>Luc„</em></strong></span> <span class='ocrx_word' id='word_1_293' title='bbox 362 3072 452 3105; x_wconf 86' lang='lat' dir='ltr'><strong><em>ibid.</em></strong></span> 
     </span>
    </p>
   </div>
  </div>
 </body>
</html>
