2099 3516
0 2537 21 2937 l

491 297 571 333 5027.
599 319 641 322 —
671 298 943 334 BELLOMONTE
972 297 1015 333 15
1042 296 1139 332 MA11
1170 297 1251 332 1561
1577 297 1647 332 319

146 417 182 457 02.
213 416 338 456 Multi
369 428 422 455 ex
452 416 673 467 precipuis
703 416 839 455 huius
868 415 1099 466 municipij
1138 414 1341 465 personis
1377 413 1556 453 inuitati
1587 414 1693 453 boni

68 481 264 521 nominis
292 481 440 527 odore,
463 493 552 532 quo
581 481 722 520 nostri
743 480 1001 530 confessarij
1033 480 1151 531 apud
1173 491 1327 519 omnes
1358 479 1467 518 bene
1488 479 1691 526 audiunt,

68 558 121 586 ex
149 558 200 585 eo
229 546 348 597 quod
377 546 585 585 audiendi
618 545 921 585 confessiones
941 545 1134 584 osticium
1158 546 1308 584 exacte
1332 545 1570 594 praestant,
1593 555 1695 582 con-

67 611 277 651 scientias
306 622 413 651 suas
434 611 626 662 pandere
655 613 697 650 et
726 610 875 662 gracia
895 610 1121 661 aperiendi
1146 611 1322 660 peccata
1341 621 1423 648 sua
1443 609 1494 647 ad
1519 610 1696 648 nostros

68 676 372 723 confluebant3
405 688 676 727 quamquam
707 676 900 726 primum
930 676 985 714 ab
1015 687 1066 714 eo
1095 675 1244 714 studio
1274 674 1561 714 recessissent
1583 673 1695 712 falsa

68 742 260 793 quadam
303 741 592 792 persuasione
634 741 846 785 deterriti,
878 741 997 792 quod
1039 739 1337 780 confessarios
1380 741 1555 778 nostros
1593 738 1695 788 plus

68 819 208 858 aequo
244 806 484 857 regidiores
527 808 746 856 putarent.
778 805 1009 845 Coeterum
1055 817 1168 845 vnus
1212 804 1394 856 quidam
1439 804 1554 843 inter
1582 803 1696 842 alios

67 872 279 912 intestino
311 873 504 911 nostram
537 871 800 911 Societatem
830 871 932 910 odio
969 871 1328 922 persequebatur,
1361 869 1423 908 ita
1452 871 1501 909 ut
1530 869 1696 908 iuraret

68 949 144 989 per
172 938 325 976 sancta
354 937 468 975 nihil
498 948 589 976 non
618 938 836 985 acturum,
868 948 957 987 quo
987 947 1056 975 res
1085 938 1262 975 nostras
1305 934 1509 974 funditus
1547 934 1695 973 demo-

67 1002 244 1042 liretur:
279 1001 316 1041 is
345 1001 587 1052 aliquando
630 1001 781 1040 afflatu
827 1001 1020 1051 Spiritus
1063 1002 1268 1046 attactus,
1301 1000 1450 1039 subito
1480 999 1526 1038 in
1557 999 1695 1038 alium

67 1067 353 1112 convertitur,
385 1068 425 1106 et
456 1066 510 1105 ad
540 1067 721 1105 domum
752 1068 950 1106 nostram
992 1078 1039 1105 se
1083 1066 1314 1116 recipiens,
1347 1065 1463 1104 facta
1496 1066 1696 1115 peccato-

68 1144 165 1172 rum
195 1131 487 1179 confessione,
522 1131 661 1170 nostri
694 1131 976 1171 vehementer
1004 1131 1234 1170 studiosus
1264 1130 1447 1170 effectus
1478 1132 1558 1169 est.

146 1198 184 1237 3.
218 1196 397 1236 Memini
429 1209 497 1235 me
529 1196 574 1235 in
604 1197 912 1247 superioribus
941 1196 1143 1247 epistolis
1173 1196 1227 1235 ad
1258 1198 1299 1235 te
1320 1196 1511 1235 scribere
1540 1208 1694 1247 quem-

68 1263 307 1303 admodum
366 1262 598 1301 occasione
645 1262 879 1301 cuiusdam
929 1261 1231 1312 magistratus.
1286 1273 1336 1300 ac
1384 1261 1696 1311 gubernatoris

67 1328 198 1368 nobis
228 1327 512 1367 uehementer
541 1327 720 1370 infensi,
753 1327 829 1377 qui
861 1327 1139 1378 prouinciam
1171 1327 1301 1366 istam
1332 1329 1586 1377 susceperat
1616 1339 1696 1377 gu-

67 1393 354 1437 bernandam,
387 1393 682 1443 quorumdam
713 1392 1008 1443 opidanorum
1031 1392 1077 1431 in
1099 1404 1180 1431 nos
1202 1392 1401 1431 studium
1432 1404 1482 1431 ac
1511 1392 1696 1432 deuocio

67 1471 119 1499 ex
151 1461 271 1509 parte
301 1458 534 1505 refrixerit,
567 1459 641 1509 qui
665 1458 798 1497 etiam
828 1459 1156 1510 eleemosynam
1180 1458 1309 1497 nobis
1330 1458 1561 1497 annuatim
1594 1470 1695 1498 con-

68 1524 167 1564 ferri
199 1523 393 1569 solitam,
426 1524 614 1562 summis
645 1524 759 1562 votis
789 1523 1003 1574 impedire
1045 1523 1344 1563 contenderet.
1378 1523 1434 1562 Hi
1471 1536 1612 1574 nuper
1641 1525 1696 1563 ad

68 1589 295 1641 publicum
326 1589 479 1640 populi
511 1589 707 1640 regimen
737 1589 865 1628 asciti
897 1589 1118 1640 propicios
1148 1601 1243 1628 sese
1266 1589 1395 1628 nobis
1425 1589 1698 1629 demonstra-

67 1657 185 1699 runt,
217 1656 258 1693 et
288 1666 364 1705 per
393 1666 438 1693 se
469 1653 590 1704 ipsos
619 1653 1018 1693 extraordinariam
1048 1654 1374 1705 eleemosynam
1412 1654 1457 1693 in
1490 1654 1697 1704 paschate

66 1719 314 1759 dominicae
344 1719 696 1763 resurrectionis,
728 1731 781 1758 ex
811 1721 934 1770 parte
972 1721 1191 1759 rectorum
1236 1719 1389 1770 populi
1433 1720 1693 1759 attulerunt.

145 1785 183 1824 4.
219 1784 397 1824 Interim
429 1784 559 1823 etiam
594 1784 708 1823 inter
738 1784 964 1835 proximos
993 1784 1254 1823 dissidentis
1289 1784 1426 1823 animi
1461 1785 1696 1824 consensio

66 1849 342 1889 conciliatur.
376 1848 621 1889 Conciones
651 1849 705 1888 ad
738 1849 953 1900 populum
996 1849 1116 1888 domi
1159 1851 1201 1888 et
1246 1849 1291 1888 in
1327 1849 1513 1888 ecclesia
1544 1850 1696 1899 populi

66 1915 300 1960 habentur,
332 1916 374 1953 et
403 1914 450 1953 in
479 1914 844 1965 quadragessima
891 1915 1104 1957 crebrius.
1155 1917 1203 1954 ut
1251 1915 1438 1957 assolet:
1484 1914 1697 1955 lectiones

66 1979 195 2019 etiam
228 1991 341 2030 quas
369 1979 422 2017 de
453 1978 632 2018 casibus
662 1979 966 2018 conscienciae
987 1979 1229 2029 appellant,
1254 1991 1415 2029 magno
1436 1979 1696 2019 clericorum

65 2056 300 2087 concursu.
332 2056 412 2083 nec
442 2044 603 2083 minori
635 2056 735 2083 cum
766 2044 924 2094 fructu,
956 2044 1330 2095 quemadmodum
1360 2056 1503 2095 spero.
1529 2045 1596 2083 Ad
1630 2057 1698 2096 po-

68 2110 197 2160 pulos
225 2109 358 2148 etiam
394 2109 566 2148 vicinos
608 2109 832 2148 interdum
876 2109 1001 2148 uerbi
1045 2109 1189 2148 diuini
1234 2109 1517 2160 praedicandi
1549 2110 1698 2160 gracia

67 2174 346 2221 diuertimus,
379 2174 425 2213 in
455 2174 620 2225 quibus
651 2174 761 2213 illud
807 2174 1041 2225 praecipue
1072 2176 1318 2213 memoratu
1361 2174 1545 2225 dignum
1578 2175 1697 2215 uide—

68 2241 153 2284 tur,
185 2239 304 2291 quod
334 2240 540 2279 nonnulli
572 2240 858 2290 simplicitate
879 2252 960 2279 sua
1005 2240 1337 2279 matrimonium
1369 2242 1694 2287 contraxerant,

68 2306 109 2344 et
138 2305 257 2344 haud
287 2312 305 2330 a
326 2317 422 2344 sese
452 2305 614 2356 ligatos
645 2307 866 2355 putantes,
899 2305 953 2344 ad
981 2305 1102 2344 aliud
1139 2305 1488 2349 matrimonium,
1521 2308 1597 2345 aut
1637 2306 1697 2345 vi-

68 2371 137 2409 tae
167 2370 443 2421 propositum
473 2370 809 2420 suscipiendum
840 2370 1135 2416 anhelabant3
1169 2371 1224 2409 ab
1254 2382 1400 2409 errore
1427 2371 1619 2410 reuocati
1642 2372 1697 2411 ad

70 2435 215 2486 priora
246 2438 351 2475 uota
380 2436 650 2487 migraturos
680 2447 775 2475 sese
805 2436 975 2486 policiti
1006 2438 1123 2476 sunt.
1156 2436 1216 2475 Ex
1261 2436 1331 2475 bis
1374 2436 1504 2475 etiam
1551 2437 1697 2487 opidis

68 2511 201 2540 causa
244 2500 517 2551 suscipiendi
561 2512 694 2551 super
732 2501 870 2540 dubia
911 2501 1087 2552 consilij
1134 2501 1374 2541 confluitur
1416 2502 1469 2541 ad
1510 2514 1606 2549 nos,
1656 2504 1698 2541 et

68 2565 372 2605 confessiones
401 2566 534 2604 etiam
566 2566 780 2606 faciendi:
831 2566 996 2617 quibus
1026 2578 1079 2605 ex
1109 2567 1241 2606 rebus
1272 2579 1361 2605 non
1406 2579 1561 2617 parum
1602 2579 1698 2618 pro-

69 2630 200 2670 ximis
229 2631 518 2670 emolumenti
541 2631 848 2681 proficiscitur,
872 2633 913 2671 et
936 2631 981 2670 in
1003 2632 1097 2672 suis
1120 2632 1263 2671 honor
1293 2632 1470 2672 Christo
1501 2634 1694 2682 paratur.

69 2694 295 2735 Elementa
351 2696 577 2735 doctrinae
638 2696 909 2736 christianae
966 2697 1012 2736 in
1071 2698 1264 2749 graciam
1324 2710 1560 2748 puerorum
1614 2700 1698 2736 tra-

69 2760 235 2800 duntur
255 2760 273 2786 b
304 2761 494 2811 publice,
530 2761 588 2800 vti
620 2761 713 2800 fieri
745 2762 924 2805 assolet,
957 2762 1003 2801 in
1034 2765 1185 2802 nostra
1217 2763 1447 2803 Societate.

147 2826 185 2865 5.
210 2826 439 2866 Scolastici
462 2829 613 2865 nostra
634 2827 869 2877 gymnasia
898 2827 1230 2879 frequentantes
1261 2828 1307 2867 in
1337 2829 1432 2867 dies
1462 2828 1699 2879 proficiunt

71 2889 117 2929 in
146 2891 328 2938 melius;
362 2891 514 2930 literas
544 2903 631 2930 vna
660 2903 760 2931 cum
791 2892 1009 2942 probitate
1039 2904 1089 2932 ac
1118 2893 1362 2932 deuocione
1392 2893 1694 2943 coniungunt,

131 3086 149 3104 a
169 3080 235 3110 aut
258 3088 329 3111 ms.
354 3098 394 3101 —
417 3079 435 3106 b
456 3079 620 3111 traditur
643 3089 714 3113 ms.
