2099 3516
490 267 569 303 613.
596 288 643 293 -
668 267 952 304 VALLISOLETO
977 267 1000 302 6
1026 266 1219 303 IANUARH
1246 266 1338 302 1562>
1624 266 1692 302 709

110 388 244 436 quam
273 396 352 436 pro
381 385 568 436 collegio
599 386 866 437 placentino,
899 386 971 426 hic
1001 385 1280 437 persequitur
1309 386 1439 424 Pater
1467 384 1735 432 Gutterrius,

109 451 228 502 quod
256 463 348 491 non
377 462 533 502 parum
564 451 609 490 in
640 450 978 491 admirationem
1024 463 1201 491 mouere
1235 451 1377 498 debet,
1412 450 1668 501 praesertim
1699 450 1736 489 si

109 517 311 556 naturam
343 518 474 567 atque
503 516 803 556 conditionem
833 524 851 543 ³
871 516 1179 568 hujuscemodi
1223 515 1503 566 negotiorum
1546 516 1738 554 contem-

108 581 294 632 plemur.
326 581 621 621 Uehementer
651 584 797 621 tamen
828 582 1030 633 suspicor
1068 582 1200 621 hasce
1242 581 1396 631 spinas
1440 582 1532 619 tum
1577 591 1737 619 causae

108 647 286 685 nostrae
314 646 523 697 equitate,
547 647 641 685 tum
673 647 888 686 modestia
919 647 1086 695 Patris,
1110 659 1223 697 quae
1261 646 1451 685 maxima
1487 647 1570 690 est,
1593 645 1737 684 cultas

108 712 240 762 atque
287 711 551 757 elaboratas,
583 711 714 750 talem
765 712 954 751 fructum
1006 712 1115 750 ferre
1164 711 1374 762 potuisse.
1414 711 1596 749 Praeses
1643 709 1738 760 ipse

108 775 226 827 apud
268 788 399 827 quem
444 787 512 815 res
554 776 716 827 agitur,
749 788 847 815 cum
892 777 1238 816 subodoraretur
1281 777 1455 815 Patrem
1487 775 1627 814 multa
1656 786 1738 814 sua

107 840 501 891 circunspectione,
534 852 584 880 ac
615 841 828 880 modestia
862 842 1052 892 (qualem
1086 842 1131 880 in
1162 841 1283 880 hisce
1305 842 1437 880 rebus
1458 840 1505 879 in
1527 839 1736 891 religioso

110 905 206 946 uiro
235 917 331 945 esse
360 906 564 957 oportet),
600 906 843 956 praepediri
866 918 921 945 ne
942 908 1031 945 tam
1053 906 1224 946 solicite
1246 918 1335 946 rem
1358 907 1547 956 urgeret,
1571 907 1620 944 ut
1640 905 1737 955 ipsa

108 971 377 1021 postulabat,
409 970 522 1010 dixit
568 982 615 1010 se
661 971 892 1010 ostendere
941 983 1084 1022 posse,
1116 983 1259 1023 neque
1294 971 1338 1010 id
1373 971 1609 1020 laboriose,
1642 970 1737 1009 iure

106 1035 278 1083 diuino,
311 1035 521 1083 naturali,
553 1038 595 1075 et
624 1036 837 1083 humano,
872 1039 956 1075 tan]
994 1037 1133 1083 ciuili,
1166 1049 1298 1088 quam
1342 1036 1572 1083 canonico,
1605 1047 1650 1074 se
1680 1037 1737 1074 te-

106 1101 201 1140 neri
231 1101 287 1140 ad
316 1101 440 1141 illius
471 1103 559 1140 tam
590 1102 689 1152 piae
718 1113 769 1140 ac
794 1102 941 1153 justae
961 1114 1121 1141 causae
1152 1102 1522 1153 prosecutionem.
1547 1100 1738 1140 Auditor

105 1166 289 1218 quidam
317 1167 608 1206 cancellariae
637 1167 784 1218 ajebat
814 1179 860 1206 se
890 1168 1000 1206 satis
1032 1167 1181 1207 mirari
1213 1180 1301 1207 non
1334 1179 1461 1218 posse
1490 1178 1543 1206 ex
1573 1178 1618 1205 re
1647 1168 1737 1205 tam

105 1232 286 1272 inimica
316 1233 449 1283 atque
478 1232 665 1272 aduersa
698 1232 809 1283 paci,
843 1234 1011 1271 tantam
1042 1233 1292 1272 animorum
1324 1232 1606 1272 concordiam
1636 1243 1735 1271 cum

106 1296 322 1338 Societate
365 1299 518 1337 nostra
564 1309 660 1337 esse
709 1298 883 1338 factam.
916 1298 998 1337 Hic
1040 1301 1277 1349 antequam
1318 1298 1374 1337 lis
1404 1298 1512 1337 haec
1542 1297 1656 1348 apud
1690 1309 1736 1337 se

106 1362 329 1413 penderet,
362 1363 557 1402 alienum
588 1363 780 1402 habebat
810 1375 831 1402 a
864 1362 1097 1403 Societatis
1140 1366 1317 1403 nostrae
1356 1364 1489 1402 rebus
1518 1362 1734 1405 animum.

106 1429 199 1467 tum
228 1427 349 1479 quia,
383 1430 431 1468 ut
459 1428 554 1479 ipse
583 1428 731 1467 fassus
762 1427 778 1453 Ι)
799 1430 878 1475 est,
912 1429 1043 1468 rebus
1089 1429 1218 1468 nouis
1262 1440 1491 1479 nunquam
1535 1427 1735 1467 animum

104 1492 279 1545 adjecit,
312 1495 403 1533 tum
436 1493 567 1533 etiam
598 1493 703 1544 quia
733 1505 833 1533 cum
865 1494 921 1544 ijs
952 1494 1107 1533 foedus
1142 1494 1313 1542 inierat,
1346 1493 1423 1545 qui
1468 1505 1514 1533 se
1558 1494 1736 1532 nostros

104 1558 255 1598 hostes
284 1558 589 1607 declararunt3
618 1559 709 1610 jam
742 1571 847 1598 uero
877 1559 986 1598 satis
1012 1559 1097 1598 sibi
1119 1559 1240 1598 cordi
1271 1571 1367 1599 esse
1388 1558 1615 1599 Sotietatis
1636 1569 1736 1597 nos—

104 1624 196 1662 trae
225 1623 626 1671 conuersationem,
658 1625 754 1663 tum
786 1624 949 1668 uerbis,
980 1626 1075 1663 tum
1118 1636 1248 1674 opere
1284 1625 1380 1675 ipso
1410 1623 1733 1674 comprobauit.

104 1687 167 1727 Ex
196 1688 279 1728 hac
310 1691 431 1740 parte
473 1689 607 1728 etiam
650 1701 805 1728 ansam
850 1691 1060 1740 putamus
1102 1702 1197 1729 esse
1227 1690 1375 1728 datam
1407 1689 1477 1728 his
1507 1688 1733 1736 omnihus,

103 1752 180 1804 qui
210 1752 257 1792 in
286 1753 435 1793 causis
464 1754 650 1804 agendis
679 1766 726 1793 se
755 1753 1020 1800 immiscent,
1055 1757 1101 1794 ut
1132 1757 1309 1804 peccata
1338 1766 1419 1793 sua
1462 1753 1629 1793 nostris
1659 1765 1736 1804 pa-

102 1818 247 1858 tribus
276 1819 585 1867 confiteantur,
619 1819 810 1871 alijsque
840 1819 893 1859 de
924 1820 1055 1859 rebus
1085 1822 1234 1871 agant,
1257 1832 1370 1871 quae
1400 1819 1455 1858 ad
1488 1819 1648 1858 mentis
1669 1831 1736 1858 sa·

102 1883 239 1923 lutem
270 1886 497 1935 spectant3
535 1896 615 1925 nec
643 1885 796 1936 opinio
827 1887 978 1924 nostra
1017 1898 1098 1925 nos
1128 1885 1298 1934 fefellit,
1334 1885 1427 1937 jain
1474 1884 1592 1924 enim
1622 1896 1734 1924 non-

103 1949 217 1989 nulli
248 1951 487 2000 praetores,
519 1951 651 2001 atque
680 1952 769 1989 tres
803 1951 1093 1990 cancellariae
1124 1951 1269 2002 regiae
1299 1951 1538 1998 auditores,
1571 1950 1657 1989 sibi
1688 1950 1735 1989 in

102 2014 400 2055 confessarios
430 2015 584 2054 Patres
614 2017 791 2055 nostros
821 2015 1088 2067 adjungunt,
1121 2017 1175 2055 ad
1206 2028 1395 2067 quorum
1440 2015 1734 2055 imitationem

103 2078 219 2118 idem
249 2079 433 2119 omnino
464 2080 698 2131 perficiunt
732 2082 820 2120 tres
856 2086 986 2132 (quos
1022 2084 1199 2131 uocant)
1231 2081 1455 2128 relatores,
1488 2093 1541 2120 ex
1571 2081 1735 2132 quibus

102 2145 195 2183 tota
237 2145 519 2195 negotiorum
564 2145 730 2185 ueritas
774 2147 948 2197 pendet.
984 2147 1039 2185 Hi
1071 2159 1270 2185 normam
1316 2159 1413 2186 eain
1443 2148 1485 2186 et
1516 2146 1732 2196 regulam,

102 2209 159 2249 ad
187 2221 321 2261 quam
352 2210 494 2250 officia
525 2223 607 2250 sua
637 2223 837 2251 exercere
866 2212 1041 2261 debent,
1076 2212 1195 2251 Patri
1239 2212 1465 2252 Gutterrio
1508 2211 1734 2262 explican-

101 2274 203 2314 dam
233 2275 448 2322 obtulere,
481 2278 530 2316 ut
560 2277 631 2316 uel
661 2277 725 2316 sic
755 2277 919 2317 rectius
949 2278 1147 2317 confiteri
1182 2280 1356 2328 peccata
1387 2279 1591 2328 possent;
1615 2277 1733 2327 quod

101 2341 144 2380 et
173 2340 341 2381 factum
370 2343 450 2390 est,
482 2342 685 2381 deductis
715 2342 818 2382 inde
847 2343 1113 2394 quibusdam
1147 2343 1463 2394 positionibus,
1495 2354 1609 2393 quae
1639 2342 1735 2393 plu-

100 2405 263 2445 rimum
283 2406 571 2455 confessario,
594 2409 636 2447 et
658 2407 769 2459 ipsis
789 2408 988 2447 conferre
1011 2410 1210 2459 possunt.
1235 2408 1421 2447 Plurimi
1443 2408 1576 2447 etiam
1598 2409 1736 2448 aduo-

101 2470 203 2518 cati,
235 2472 465 2521 causidici,
497 2474 539 2512 et
578 2473 694 2524 juris
738 2473 882 2524 periti,
915 2474 1003 2513 duo
1048 2474 1230 2524 insuper
1259 2486 1282 2512 a
1313 2473 1493 2513 secretis
1523 2473 1625 2521 uiri,
1658 2485 1735 2524 per

101 2536 427 2577 confessionem
458 2540 634 2588 peccata
666 2538 1003 2587 reuelauerunt,
1038 2539 1222 2578 istarum
1259 2539 1591 2578 confessionum
1622 2538 1733 2578 mul-

101 2602 171 2641 tae
201 2602 430 2652 generales
460 2603 596 2644 fuere.

179 2667 219 2708 4.
252 2667 392 2707 Penes
421 2671 599 2708 nostros
628 2671 694 2709 est
723 2669 854 2708 etiam
883 2670 973 2721 jam
997 2682 1103 2710 cura
1123 2670 1380 2717 comitandi,
1412 2669 1734 2709 consolationis

101 2733 143 2771 et
172 2732 500 2773 adhortationis
528 2745 679 2781 causa,
711 2746 786 2774 eos
816 2735 892 2785 qui
924 2735 970 2774 in
1000 2747 1174 2775 crucem
1202 2738 1305 2775 sunt
1337 2735 1560 2786 adigendi.
1594 2735 1732 2775 Audi-

100 2797 170 2836 tor
198 2799 422 2847 praeterea
453 2799 598 2850 regiae
627 2799 933 2847 cancellariae,
967 2801 1037 2840 uir
1067 2801 1181 2840 inter
1224 2801 1337 2840 alios
1380 2812 1580 2840 summae
1610 2803 1734 2841 auto-

100 2861 260 2911 ritatis,
293 2875 369 2914 per
397 2864 570 2915 aliquot
598 2864 694 2904 dies
724 2865 824 2905 uale
854 2867 1048 2918 negotiJ's
1077 2866 1286 2905 omnibus
1311 2866 1478 2911 dicens,
1501 2878 1601 2906 cum
1633 2866 1730 2907 Pre.

161 3065 180 3085 a
199 3058 336 3091 natura
358 3060 470 3101 atque
493 3059 658 3092 conditio
681 3069 752 3093 ms.
777 3079 817 3084 —-
837 3061 856 3087 b
878 3060 983 3094 fasus
1005 3061 1053 3095 A.
