2099 3516
426 262 495 297 686
898 261 1103 297 LITTERAE
1128 262 1471 307 QUADRIMESTRES

457 380 496 419 3.
530 380 715 430 Insuper
744 379 901 430 nouitij
934 379 1131 429 germani
1170 381 1257 419 tres
1299 380 1582 421 uehementer
1610 385 1769 433 urgent
1797 385 1839 423 et
1867 385 1995 424 obse-

380 447 518 491 crant,
549 456 637 495 quo
667 444 751 483 sibi
783 446 981 483 nostrum
1013 443 1268 484 institutum
1298 446 1502 496 amplecti
1524 447 1666 487 liceat.
1691 448 1815 488 Vnus
1844 460 1994 489 eorum

381 511 603 560 utcunque
633 510 764 548 rebus
793 508 1091 559 grammaticis
1116 508 1328 557 imbutus,
1351 510 1423 549 sed
1457 511 1733 561 germanicae
1752 513 1995 563 scripturae

383 574 689 624 peritissimus,
729 585 779 611 ac
817 573 991 622 magnis
1034 573 1265 624 utriusque
1308 574 1503 614 hominis
1548 575 1727 616 dotibus
1770 577 1995 627 praeditus

378 640 443 677 est
468 640 495 677 1.
528 637 616 688 Alij
648 637 736 676 duo
757 637 803 676 in
824 637 894 676 bis
915 637 1125 676 omnibus
1154 638 1487 678 excellentiores
1508 641 1634 687 sunt;
1659 652 1846 691 quorum
1868 641 1992 687 alter,

378 702 527 749 latine,
559 701 821 752 germanice,
853 701 1013 748 italice,
1047 702 1270 752 ungarice,
1298 702 1550 743 sclauonice
1578 716 1711 755 quam
1741 705 1904 755 optime
1933 706 1994 745 lo—

377 767 528 817 quitur
555 768 584 806 2.
618 767 735 805 Deus
778 778 852 805 eos
896 765 988 805 uoti
1032 769 1256 817 compotes
1299 768 1466 815 reddat,
1498 770 1539 808 et
1578 771 1808 809 conseruet
1838 769 1885 809 in
1913 770 1992 819 eis,

377 831 495 881 quod
524 833 731 881 operatus
760 832 826 870 est
855 832 883 870 3.

454 896 492 934 4.
525 895 702 943 Verum,
733 897 780 934 ut
810 907 950 945 pauca
969 895 1176 946 deinceps
1196 896 1410 947 attingam
1442 897 1495 936 de
1524 897 1700 949 studijs,
1723 898 1832 938 adeo
1861 898 1993 939 etiam

376 960 467 1007 illa,
499 972 611 1010 quae
641 962 745 999 sunt
774 960 948 1011 collegij
980 960 1154 1010 priuata
1198 973 1288 1000 non
1331 962 1612 1010 omittuntur,
1644 965 1693 1002 ut
1722 965 1892 1014 praeter
1920 964 1995 1003 do-

377 1024 580 1063 mesticas
609 1025 823 1075 quasdam
854 1025 1078 1072 lectiones,
1110 1037 1222 1076 quae
1251 1025 1363 1065 fiunt
1393 1026 1605 1077 quotidie,
1633 1027 1915 1078 repetitiones
1943 1040 1994 1068 ac

375 1088 698 1139 disputationes
727 1089 779 1128 de
808 1089 1000 1140 singulis
1045 1090 1361 1140 propemodum
1403 1091 1581 1131 scholae
1623 1091 1888 1132 lectionibus
1917 1093 1992 1132 ha-

375 1153 574 1192 beantur.
608 1153 656 1192 Id
686 1165 736 1192 eo
765 1153 942 1204 quidem
975 1154 1131 1193 maiori
1175 1154 1319 1194 fructu
1349 1156 1392 1194 et
1420 1155 1647 1195 alacritate
1675 1156 1769 1196 fieri
1798 1157 1990 1206 uidetur,

374 1228 461 1267 quo
491 1217 656 1256 maiora
687 1218 935 1258 studiorum
967 1218 1237 1258 incrementa
1267 1222 1443 1259 nostrae
1472 1220 1650 1260 scholae
1685 1221 1773 1261 iam
1802 1233 1993 1262 accesse-

374 1284 490 1321 runt.
523 1281 648 1330 Nam,
677 1284 725 1322 ut
753 1294 900 1322 nouus
929 1283 1170 1323 lectionum
1191 1284 1419 1335 catalogus
1440 1285 1727 1333 demonstrat,
1750 1286 1805 1325 ab
1834 1286 1991 1326 ultima

372 1346 621 1386 studiorum
669 1347 959 1387 innouatione
1008 1360 1096 1388 non
1145 1349 1274 1388 modo
1321 1351 1531 1389 constans
1560 1351 1602 1389 et
1635 1350 1767 1390 solita
1813 1350 1992 1402 linguae

372 1411 654 1461 graecanicae
696 1411 824 1450 lectio
868 1412 929 1451 ita
974 1412 1131 1463 uiguit,
1165 1415 1213 1452 ut
1257 1413 1552 1453 nihilominus
1590 1414 1813 1465 discipuli,
1857 1427 1990 1466 quam

372 1475 527 1514 fratres
557 1475 712 1523 nostri,
736 1478 825 1515 tam
845 1476 964 1524 stilo,
987 1489 1121 1527 quam
1142 1477 1295 1529 lingua
1319 1478 1531 1528 paulatim
1558 1479 1752 1529 graecari
1782 1479 1988 1527 audeant,

372 1552 526 1579 uerum
556 1541 687 1580 etiam
717 1541 961 1590 dialectica,
994 1543 1319 1590 mathematica,
1351 1546 1391 1582 et
1422 1543 1655 1583 haebraica
1691 1544 1839 1584 studia
1868 1544 1990 1584 foeli-

371 1604 492 1651 citer,
524 1617 603 1644 nec
632 1605 899 1657 infrequenti
930 1607 1231 1646 studiosorum
1263 1619 1447 1647 numero
1482 1610 1635 1659 coepta
1664 1611 1781 1650 sunt.
1810 1609 1862 1648 Et
1890 1621 1989 1649 cum

371 1670 617 1710 studiorum
649 1670 956 1711 innouationis
985 1672 1189 1711 inciderit
1219 1673 1385 1712 mentio
1419 1681 1452 1720 ἃ,
1485 1685 1574 1712 non
1608 1673 1791 1713 omnino
1825 1676 1990 1725 praete-

372 1734 587 1774 reundum
618 1735 808 1783 uidetur,
840 1736 957 1787 quod
988 1735 1006 1761 ¹³
1035 1736 1210 1776 duobus
1240 1737 1499 1788 theologice,
1531 1749 1581 1777 ac
1611 1738 1803 1778 todidem
1833 1738 1989 1778 diebus

371 1800 692 1847 mathematice,
724 1801 965 1849 dialectice,
998 1801 1138 1841 ethice
1168 1804 1209 1841 et
1244 1802 1448 1850 oratorie,
1480 1814 1559 1842 nec
1601 1803 1877 1852 infoeliciter,
1909 1803 1987 1843 Dei

370 1864 526 1915 gratia,
558 1864 616 1904 sit
644 1865 932 1916 disputatum.
964 1866 1026 1905 Ac
1056 1878 1110 1905 ne
1140 1867 1239 1906 rudi
1262 1867 1397 1918 uulgo
1427 1879 1508 1907 sua
1537 1880 1713 1919 quoque
1741 1868 1987 1908 consolatio

369 1928 552 1973 deesset,
584 1929 804 1981 insignem
834 1931 1058 1981 quandam
1079 1934 1121 1970 et
1141 1943 1311 1971 sacram
1343 1932 1501 1971 Adami
1536 1933 1797 1984 protoplasti
1818 1945 1987 1973 comoe-

369 1992 502 2041 diam,
533 1995 756 2044 spectante
786 1995 977 2034 maxima
1007 1996 1250 2044 doctorum,
1282 1996 1517 2045 nobilium,
1554 1999 1596 2036 et
1624 1997 1770 2037 omnis
1813 1997 1987 2049 generis

370 2058 599 2098 hominum
645 2059 943 2107 multitudine,
981 2072 1056 2111 per
1098 2063 1274 2100 nostros
1317 2062 1576 2112 discipulos,
1619 2064 1744 2102 tanto
1786 2062 1986 2102 omnium

370 2122 529 2170 fructu,
560 2126 726 2174 quanto
756 2125 975 2176 applausu
1005 2126 1303 2165 exhibuimus.
1328 2127 1478 2166 Multis
1507 2127 1625 2167 enim
1646 2127 1760 2167 actio
1781 2127 1873 2174 illa,
1896 2139 1986 2167 non

370 2187 498 2226 modo
528 2188 799 2239 singularem
829 2190 1109 2230 deuotionem
1141 2191 1305 2239 attulit,
1337 2192 1413 2230 sed
1442 2192 1645 2243 copiosas
1674 2192 1821 2240 etiam,
1845 2194 1893 2231 ut
1921 2192 1986 2231 in·

408 2331 427 2350 a
446 2322 588 2355 mensio
611 2332 682 2357 ms.
706 2342 746 2347 —
769 2324 787 2351 b
807 2324 889 2357 Del.
914 2325 953 2356 in

429 2449 438 2466 ¹
462 2446 503 2478 In
526 2447 693 2488 catalogo
728 2447 837 2488 paulo
873 2449 1045 2490 superius
1080 2450 1196 2481 citato
1231 2451 1405 2482 censetur
1438 2450 1617 2492 Sampson
1641 2451 1726 2490 Leh,
1755 2450 1981 2490 viennensis,

369 2512 384 2527 «
407 2499 573 2532 novitius
597 2500 635 2532 in
659 2500 842 2533 Societate
866 2510 929 2542 per
954 2511 1067 2534 unum
1102 2512 1262 2535 mensem
1286 2516 1314 2539 »,
1341 2504 1384 2535 de
1407 2514 1480 2545 quo
1504 2505 1542 2536 in
1566 2504 1674 2537 catal.
1699 2504 1837 2536 mensis
1860 2504 1982 2536 Martii

367 2552 446 2583 1563
469 2552 523 2593 (in
547 2553 626 2586 eod.
662 2553 739 2585 cod.
764 2554 788 2586 f.
812 2554 926 2594 317v.)
950 2555 1048 2586 inter
1070 2556 1145 2587 alia
1177 2556 1341 2588 dicitur:
1366 2569 1381 2585 «
1404 2556 1548 2598 Optime
1572 2557 1702 2589 scribit
1738 2556 1882 2589 litteras
1905 2566 1983 2598 ger-

366 2605 607 2641 manicas
632 2604 744 2638 habet
767 2607 910 2647 praxim
935 2616 1055 2639 rerum
1080 2608 1285 2640 aulicarum
1309 2610 1345 2641 et
1368 2610 1612 2642 cancellariae
1634 2623 1664 2643 ».

427 2660 438 2677 2
461 2658 502 2690 In
525 2659 650 2690 eodem
674 2659 841 2701 catalogo
865 2661 953 2692 anni
979 2661 1058 2693 1562
1080 2663 1293 2694 recensetur
1319 2675 1333 2690 «
1357 2662 1516 2695 Thomas
1539 2663 1753 2695 Carniensis
1788 2662 1893 2704 [alias
1930 2662 1982 2695 di-

365 2710 461 2742 citur
484 2710 670 2753 schlavus]
695 2712 864 2744 nouitius
898 2723 996 2745 nunc
1020 2714 1206 2746 admissus
1240 2716 1422 2747 maximae
1445 2716 1536 2757 spei,
1561 2717 1601 2748 vt
1622 2716 1781 2754 videtur,
1806 2715 1980 2748 robustus

365 2772 525 2804 corpore,
550 2764 692 2805 peritus
727 2765 926 2798 multarum
960 2767 1184 2808 linguarum.
1211 2768 1352 2800 scilicet
1376 2768 1526 2808 latinae,
1552 2769 1795 2810 germanicae,
1820 2768 1981 2801 bohemi-

364 2824 438 2854 cae,
464 2816 702 2858 hungaricae,
728 2817 989 2851 schlauonicae
1012 2832 1042 2852 ».
1068 2820 1215 2852 Nullum
1249 2821 1403 2852 dubium
1438 2831 1518 2854 esse
1541 2822 1689 2854 videtur
1719 2822 1811 2863 quin
1844 2821 1888 2853 de
1912 2821 1980 2853 hoc

365 2868 414 2899 sit
437 2877 567 2901 sermo.

425 2922 437 2939 ³
460 2921 512 2952 Ex
535 2922 842 2955 annotationibus
876 2925 1182 2965 praecedentibus
1216 2927 1369 2966 apparet
1402 2926 1494 2958 illud
1534 2939 1549 2955 «
1573 2927 1707 2968 urgent
1711 2951 1774 2959 .....
1799 2935 1872 2967 quo
1906 2925 1977 2957 sibi

364 2975 531 3006 nostrum
555 2975 771 3007 institutum
795 2977 965 3018 amplecti
990 2977 1099 3010 liceat
1122 2990 1151 3017 »‚
1188 2978 1345 3019 intelligi
1382 2979 1512 3012 debere
1542 2992 1557 3007 «
1580 2980 1686 3012 modo
1720 2979 1846 3011 stabili
1870 2991 1886 3007 »
1912 2988 1976 3011 seu

367 3040 381 3055 «
408 3027 504 3058 votis
527 3028 673 3060 emissis
697 3041 725 3061 ».
