2099 3516
378 246 446 281 366
847 245 1051 281 LITTERAE
1088 244 1432 289 QUADRIMESTRES

333 365 378 402 vt
411 363 588 402 domum
638 363 827 402 instruat
875 363 1024 402 futuro
1071 362 1302 402 Societatis
1349 361 1550 412 collegio,
1599 363 1642 401 et
1687 362 1947 401 aduenturis

333 428 472 466 Roma
511 427 736 475 fratribus,
768 429 810 466 et
840 427 1058 478 pluribus,
1103 438 1292 478 quorum
1335 438 1512 477 operam
1557 426 1760 477 flagranti
1799 426 1946 466 studio

333 491 437 530 boni
467 503 620 530 omnes
648 494 871 542 expetunt.

413 557 449 595 7.
482 555 597 605 Quid
613 558 759 595 autem
784 555 966 606 singuli,
990 555 1065 605 qui
1087 555 1203 605 apud
1225 567 1306 594 nos
1326 557 1431 594 sunt
1447 554 1620 605 reliqui,
1643 554 1945 605 profiteantur,

332 620 435 659 item
466 620 630 670 quihus
658 620 808 671 offitijs
836 622 1119 670 occupentur,
1150 619 1226 670 qui
1257 622 1481 665 vocentur,
1504 621 1546 658 et
1574 619 1624 658 ad
1658 631 1770 669 quae
1798 618 1948 658 viden-

334 686 404 723 tur
433 685 586 723 munia
614 685 818 723 obeunda
847 684 1134 734 accommodj,
1166 683 1267 734 alijs
1297 679 1452 730 literis,
1484 695 1596 735 quae
1626 695 1724 722 cum
1755 683 1826 722 his
1857 694 1949 734 per-

334 749 548 796 feruntur,
580 748 809 799 sigillatim
841 749 891 787 R.
925 749 994 788 Pr.
1027 748 1075 787 D.
1110 748 1365 787 Leonardus
1395 748 1555 787 scribet
1585 750 1612 787 ².

411 814 449 854 8.
484 814 659 852 Praeter
705 814 876 861 fratres,
921 813 1197 852 conuictores
1246 813 1375 852 nobis
1403 815 1732 852 commorantur
1759 812 1810 851 52
1838 819 1870 859 a,
1903 811 1949 851 in

333 878 496 928 quihus
525 878 841 928 quamplurimi
872 880 976 917 sunt
1014 889 1170 928 genere
1220 877 1413 924 nobiles,
1454 877 1600 928 plures
1629 879 1775 916 autem
1810 876 1949 916 multo

333 943 385 981 ad
429 943 664 993 collegium
710 943 1065 993 commigrarent,
1102 943 1187 981 nisi
1224 942 1306 981 loci
1350 943 1554 992 angustia
1599 953 1681 981 nos
1724 943 1949 992 premeret.

334 1007 443 1046 Nam
495 1007 643 1046 statim
692 1010 823 1058 atque
870 1007 1056 1046 discedit
1102 1007 1340 1058 quispiam,
1390 1019 1479 1046 non
1527 1009 1615 1045 tam
1664 1007 1886 1046 discedere
1915 1005 1948 1051 ¹³,

333 1084 466 1123 quam
509 1072 634 1111 alteri
678 1072 830 1111 cedere
873 1072 1059 1111 videtur.
1107 1072 1211 1111 Post
1255 1072 1413 1111 festum
1463 1072 1652 1122 paschae
1695 1083 1773 1122 pro
1816 1070 1951 1110 huius

334 1137 514 1176 scholae
560 1136 880 1176 consuetudine
919 1136 1065 1175 studia
1110 1136 1476 1183 instaurauimus,
1526 1148 1613 1186 quo
1657 1148 1746 1174 non
1794 1147 1949 1186 parum

334 1201 388 1240 ad
436 1201 581 1240 studia
617 1201 806 1240 studiosi
852 1201 1111 1251 inflammatj
1161 1203 1279 1240 sunt.
1326 1200 1446 1250 Quae
1491 1212 1621 1251 porro
1666 1200 1875 1239 lectiones
1904 1199 1951 1238 in

334 1266 526 1316 singulis
555 1266 775 1305 classibus
820 1266 1143 1316 praelegantur,
1184 1268 1225 1304 et
1263 1265 1339 1316 qui
1379 1267 1682 1315 praeceptores
1720 1264 1951 1315 profitean-

334 1333 419 1378 tur,
453 1331 501 1370 R.
535 1332 604 1370 Pr.
638 1331 895 1370 Leonardus
925 1331 1109 1370 seorsim
1139 1343 1235 1370 cum
1268 1331 1469 1381 catalogo
1498 1330 1727 1380 expressit,
1760 1329 1835 1380 qui
1867 1340 1951 1367 vna

334 1407 433 1434 cum
465 1396 535 1435 his
565 1396 705 1435 literis
732 1396 920 1434 mittitur
948 1397 977 1435 ².
1011 1395 1339 1445 Discipulorum
1362 1397 1524 1441 autem,
1548 1395 1584 1433 si
1607 1395 1654 1433 T.
1680 1395 1730 1433 R.
1752 1395 1798 1434 P.
1822 1405 1952 1444 quae—

335 1462 401 1498 rat
436 1472 687 1507 numerum,
720 1460 891 1510 physici
936 1462 1039 1499 sunt
1082 1460 1148 1507 025,
1182 1460 1313 1510 logici
1357 1460 1422 1505 3⁸2,
1456 1459 1652 1498 rhetores
1695 1459 1760 1503 522,
1802 1460 1953 1509 poetae

334 1537 412 1563 seu
442 1525 723 1564 humanistae
757 1526 822 1571 96,
855 1525 1130 1575 grammatici
1174 1524 1423 1575 superiores
1456 1524 1544 1570 110,
1577 1522 1851 1574 grammatici
1881 1523 1952 1562 de-

335 1590 468 1640 nique
499 1590 629 1628 rudes
658 1592 700 1628 et
729 1589 960 1628 inferiores
991 1590 1088 1633 1602
1120 1601 1232 1639 quos
1266 1589 1303 1627 si
1348 1589 1393 1627 in
1436 1600 1653 1628 summam
1698 1587 1949 1629 contrahas.

336 1654 471 1693 futuri
503 1657 605 1693 sunt
638 1654 833 1693 vniuersi
863 1654 954 1694 475.
986 1654 1126 1692 Tanta
1160 1654 1231 1693 liis
1269 1656 1460 1704 quatuor
1490 1653 1716 1692 mensibus
1746 1652 1859 1691 facta
1888 1653 1952 1690 est

334 1718 654 1768 discipulorum
685 1718 890 1761 accessio,
922 1721 967 1757 vt
998 1730 1084 1757 non
1130 1718 1403 1757 meminerim
1439 1729 1505 1757 me
1536 1717 1746 1756 maiorem
1776 1716 1847 1755 hic
1877 1717 1953 1755 aut

335 1783 500 1821 vidisse
531 1795 739 1833 vnquam,
763 1785 839 1822 aut
865 1783 1107 1822 audiuisse.
1132 1782 1363 1833 Comperio
1393 1783 1510 1821 enim
1544 1781 1724 1821 rectoris
1753 1781 1952 1831 catalogo

339 1848 411 1886 1102
442 1848 524 1886 hoc
553 1847 863 1898 quadrimestri
895 1847 1124 1898 ascriptos,
1158 1847 1321 1887 Omnes
1351 1847 1556 1898 gnauiter
1578 1849 1666 1885 tum
1700 1846 1745 1884 in
1776 1846 1950 1896 pietate,

336 1915 427 1951 tuin
460 1913 505 1951 in
536 1912 676 1951 literis
712 1924 761 1951 ac
798 1912 1080 1962 philosophia
1111 1913 1420 1951 instituuntur.
1454 1911 1653 1952 Confessi
1692 1913 1797 1950 sunt
1825 1922 1850 1948 a
1880 1909 1954 1948 Fe-

336 1977 514 2016 bruario
543 1977 708 2027 singuli
740 1977 977 2028 quinquies
1007 1974 1310 2016 sacerdotibus
1341 1977 1504 2016 nostris
1525 1977 1580 2015 ad
1608 1976 1652 2014 id
1682 1974 1950 2020 constitutiS,

335 2041 411 2092 qui
443 2042 486 2080 in
519 2042 574 2092 ijs
603 2041 838 2080 audiendis
867 2041 1154 2092 quatriduum
1186 2050 1200 2067 ⁰
1232 2042 1408 2080 fuerunt
1438 2040 1656 2091 occupatj,
1703 2039 1748 2078 in
1790 2038 1953 2089 quibus

339 2107 515 2156 plurimi
538 2108 717 2146 fuerunt
737 2106 813 2157 qui
836 2118 924 2145 non
946 2107 1041 2145 sola
1061 2106 1337 2145 confessione
1358 2106 1551 2145 contenti
1573 2105 1627 2144 ad
1648 2104 1953 2144 sanctissimae

336 2171 467 2209 etiam
498 2171 791 2210 eucharistiae
821 2171 1116 2221 sumptionem
1152 2173 1443 2210 accesserunt.
1484 2170 1643 2209 Nullus
1681 2169 1775 2208 (lies
1813 2179 1953 2219 neque

336 2236 600 2282 dominicus,
633 2248 773 2286 neque
812 2237 950 2275 festus
981 2236 1357 2286 praetermittitur.
1390 2235 1499 2285 quin
1543 2235 1705 2285 aliquis
1748 2236 1824 2273 aut
1861 2244 1953 2271 car-

340 2300 470 2343 mine,
502 2303 577 2339 aut
610 2312 753 2350 prosa„
785 2303 861 2339 aut
892 2302 1074 2354 vtroque
1113 2312 1284 2350 genere,
1317 2300 1363 2338 in
1392 2300 1590 2338 omnium
1633 2298 1950 2348 discipulorum

337 2366 377 2403 et
427 2365 738 2415 magistrorum
781 2368 1005 2404 conuentu
1048 2365 1275 2404 declamet.
1327 2364 1410 2403 Vix
1453 2364 1585 2403 etiam
1631 2364 1717 2402 vlla
1762 2373 1954 2413 vnquam

399 2537 415 2555 ἃ
437 2529 477 2560 59.
509 2537 635 2569 supra
674 2537 771 2560 vers.
798 2548 835 2549 j
860 2529 878 2554 b
899 2529 1040 2560 discere
1065 2538 1133 2560 ms,
1159 2547 1196 2550 —
1221 2538 1235 2555 «1
1258 2528 1417 2560 Etttend.
1448 2538 1495 2559 ear
1517 2527 1778 2569 quadriduum.

400 2691 407 2707 ¹
434 2689 509 2720 Has
532 2689 676 2720 litteras
701 2689 867 2721 invenire
890 2698 962 2720 non
987 2689 1185 2720 valuimus,

398 2744 410 2760 ²
432 2742 500 2773 Hic
537 2742 735 2783 Catalogus
768 2742 967 2773 lectionum
1002 2743 1038 2773 et
1073 2742 1349 2782 praeceptorum
1383 2741 1506 2779 editus
1530 2742 1586 2773 est
1615 2741 1725 2772 simul
1752 2749 1835 2772 cum
1868 2740 1954 2772 aliis

336 2795 444 2827 catal.
469 2795 636 2836 antiquis
660 2805 680 2826 a
705 2795 740 2827 P.
768 2794 871 2826 Duhr
893 2795 990 2836 apud
1015 2794 1290 2835 Mitteilunyen
1314 2794 1385 2826 der
1403 2793 1660 2835 Gesellsclzaft
1682 2795 1752 2834 seir
1774 2793 1954 2825 deutsche

339 2848 588 2887 Ereiehmaegss
610 2866 624 2870 -
651 2848 732 2879 und
754 2847 1097 2888 Sehzdyeschichte
1121 2847 1328 2888 (Jahrgang
1350 2847 1431 2878 Vlll
1457 2847 1575 2888 [1898]‚
1606 2846 1702 2886 Heft,
1729 2847 1795 2885 23,
1819 2846 1854 2878 S.
1880 2846 1951 2877 130-

344 2901 412 2938 146)
429 2900 498 2931 sub
515 2900 626 2932 titulo
641 2911 647 2932 z
669 2914 683 2927 «
702 2900 767 2931 Die
784 2900 941 2932 anesten
958 2899 1224 2940 Studienpliine
1241 2900 1304 2931 des
1320 2899 1747 2940 Jesuitengymnasiums
1762 2899 1801 2930 in
1818 2898 1909 2930 Koln
1925 2911 1954 2930 ».

340 2958 449 2989 Aliud
472 2959 678 2999 exemplum
704 2959 790 2990 huic
814 2958 1043 2990 simillimum
1068 2958 1259 2990 invenitur
1281 2958 1318 2989 in
1336 2958 1414 2990 cod.
1436 2958 1563 2990 Germ.
1581 2957 1664 2993 142,
1689 2957 1812 2996 1122&
1837 2957 1953 2998 priuS,

343 3012 396 3042 171
422 3012 522 3051 (154).
