2099 3516
415 248 485 284 5⁹30
884 249 1088 286 LITTERAE
1127 250 1470 294 QUADRIMESTRES

369 366 597 417 quidpiam
641 369 792 406 contra
822 379 903 407 nos
946 368 1287 418 suspicabantur
1316 365 1423 417 fore)
1454 377 1478 404 a
1508 365 1674 416 coeptis
1707 365 1821 405 nihil
1850 366 1985 405 desis-

368 432 482 477 tunt,
514 431 623 482 quin
648 432 780 470 etiam
813 434 998 483 pergunt
1030 430 1346 471 vehementius.
1373 429 1529 470 Statim
1551 441 1653 469 vero
1683 432 1814 480 atque
1845 430 1986 481 patuit

369 496 619 546 prodiitque
648 497 693 535 in
724 497 881 543 lucem,
909 497 993 536 iam
1027 496 1231 535 remisius
1260 507 1403 546 agere,
1426 507 1691 546 operamque
1720 497 1851 545 atque
1880 506 1985 534 suas

368 572 415 600 se
443 568 461 586 a
483 561 713 600 facultates
734 562 952 601 inutiliter
975 561 1097 601 abuti
1119 572 1266 600 secum
1287 560 1496 611 cogitant,
1520 559 1694 610 sibique
1714 559 1805 599 fore
1831 561 1986 610 putant

368 625 615 665 consultius
662 626 715 673 si,
766 638 809 665 re
863 627 1044 666 minime
1093 627 1294 676 perfecta,
1349 624 1554 664 cederent
1608 624 1752 664 nobis.
1799 623 1985 673 Quando

368 690 515 741 itaque
554 690 572 716 b
603 691 750 730 vident
793 703 874 730 nos
917 691 1037 730 omni
1067 703 1119 729 ex
1164 692 1283 740 parte
1314 689 1360 728 in
1404 689 1474 728 ius
1512 689 1650 728 asseri
1696 689 1984 739 pecuniarum

368 755 600 794 sententiis
643 758 838 802 senatus,
885 756 997 795 alias
1042 755 1353 794 machinantur
1395 753 1582 793 insidias
1626 753 1769 800 nobis,
1801 765 1985 804 eamque

369 819 456 858 fere
498 820 824 859 controuersiae
867 821 1100 859 formulam
1145 820 1431 869 componunt,
1463 830 1509 858 se
1560 818 1767 869 pecunias
1806 818 1985 868 quidem

368 884 486 922 nolle
517 884 613 935 (nec
643 896 743 923 vero
786 897 860 924 eas
903 885 948 923 in
992 884 1155 923 iudicio
1202 885 1402 933 poterant
1442 883 1687 933 consequi),
1719 883 1794 922 sed
1833 894 1984 922 earum

368 948 660 999 principatum
706 951 836 1000 atque
866 950 1141 988 dominatum
1173 948 1227 987 ad
1257 959 1303 986 se
1342 949 1552 998 spectare,
1585 959 1684 987 cum
1715 948 1986 987 affirmarent

368 1024 456 1051 non
487 1013 628 1061 nobis,
660 1014 735 1052 sed
767 1014 861 1052 vrbi
892 1015 946 1053 ab
976 1013 1182 1063 episcopo
1212 1024 1307 1051 esse
1338 1012 1540 1059 relictas;
1579 1024 1730 1063 quare,
1763 1012 1800 1051 si
1831 1012 1984 1051 admit-

366 1078 557 1116 teremur
586 1078 763 1127 quidem
794 1079 839 1117 in
871 1078 1030 1127 Gallia,
1064 1078 1154 1116 fore
1184 1089 1265 1116 nos
1305 1077 1558 1117 scholarum
1594 1077 1905 1125 moderatores,
1936 1089 1986 1117 ac

367 1141 496 1180 nobis
518 1142 638 1192 (dum
671 1143 880 1192 pecunias
910 1145 1106 1182 tenerent
1128 1142 1245 1193 apud
1275 1142 1337 1193 se)
1368 1141 1579 1192 quicquid
1601 1143 1716 1181 esset
1744 1141 1799 1180 ad
1820 1141 1985 1181 victum

367 1206 624 1257 cultumque
666 1208 863 1258 corporis
892 1219 1004 1258 opus
1034 1215 1048 1233 ⁰
1085 1207 1424 1257 dispertituros:
1471 1207 1541 1246 sin
1572 1206 1701 1246 nobis
1744 1206 1815 1246 ius
1844 1206 1986 1246 Socie-

366 1271 469 1310 tatis
499 1271 546 1310 in
575 1271 719 1311 Gallia
764 1275 1010 1322 negaretur,
1044 1272 1145 1310 illas
1189 1283 1265 1321 pro
1296 1271 1434 1310 animi
1478 1271 1696 1311 sententia
1735 1274 1983 1322 praecepto·

366 1335 490 1374 ribus
533 1336 635 1375 aliis
665 1336 709 1375 in
741 1337 927 1386 gratiam
967 1336 1219 1375 scholarum
1250 1335 1505 1376 collaturos.
1552 1335 1644 1375 Has
1673 1338 1819 1375 autem
1850 1336 1986 1375 addu-

366 1400 523 1439 cebant
552 1400 598 1439 in
630 1401 823 1440 medium
850 1401 1071 1440 rationes:
1106 1401 1209 1450 quia
1240 1400 1331 1439 illis
1360 1400 1483 1440 abuti
1513 1402 1555 1439 et
1584 1400 1851 1451 profundere
1872 1400 1986 1440 vide-

366 1476 512 1503 remur
555 1476 697 1514 posse,
732 1465 984 1515 posthabita
1031 1465 1224 1504 muneris
1259 1465 1398 1503 nostri
1430 1464 1614 1504 ratione.
1660 1464 1810 1504 Nihilo
1839 1466 1986 1504 tamen

367 1529 507 1579 magis
549 1541 681 1579 quam
711 1532 839 1569 antea
882 1530 1131 1580 proficiunt,
1163 1530 1239 1568 sed
1271 1530 1397 1569 factis
1426 1529 1680 1580 sumptibus
1717 1529 1890 1580 magnis
1919 1529 1984 1568 in-

366 1605 557 1639 cassum,
590 1594 740 1644 aliqua
783 1606 835 1633 ex
878 1596 1000 1645 parte
1030 1606 1155 1633 suam
1187 1596 1434 1645 agnoscunt
1480 1595 1683 1645 culpam;
1729 1597 1860 1645 atque
1897 1607 1986 1646 quo

367 1659 599 1698 honestius
627 1671 673 1698 se
719 1662 955 1710 purgarent
997 1660 1114 1710 apud
1145 1672 1241 1707 nos,
1273 1660 1482 1710 omnique
1518 1659 1755 1699 liberarent
1789 1660 1986 1701 inuidiae

365 1723 618 1774 suspicione
647 1726 687 1763 et
716 1724 822 1771 odii,
856 1737 936 1763 nos
965 1725 1237 1764 conueniunt
1267 1725 1319 1764 de
1350 1736 1393 1764 re
1422 1724 1536 1764 leuis
1575 1724 1784 1764 momenti
1814 1725 1982 1775 acturi·;

365 1800 551 1838 quorum
584 1789 785 1838 petitioni
809 1789 934 1828 facile
964 1790 1332 1839 acquiescendum
1357 1790 1507 1829 Patres
1536 1789 1675 1828 nostri
1699 1791 1983 1840 putauerunt,

367 1853 496 1892 modo
538 1853 652 1892 nihil
682 1854 875 1904 episcopi
919 1854 1140 1899 voluntas,
1173 1866 1261 1904 quo
1306 1854 1454 1894 minus
1498 1854 1767 1904 impleretur,
1805 1853 1986 1905 impedi-

366 1919 496 1967 retur,
520 1930 599 1957 nec
628 1918 865 1968 quicquam
897 1918 1072 1969 collegii
1099 1919 1237 1958 nostri
1268 1919 1573 1959 commoditati
1600 1919 1859 1958 officeretur.
1885 1919 1986 1958 Fac-

365 1983 457 2021 tum
489 1982 637 2033 itaque
668 1983 859 2031 tandem,
893 1983 1070 2021 Domini
1104 1983 1277 2031 virtute,
1313 1985 1356 2022 vt
1384 1983 1597 2034 qujna‘nte
1625 1983 1875 2023 extitissent
1903 1983 1986 2023 ini-

367 2046 612 2093 micissimi,
645 2047 734 2086 sint
764 2059 881 2086 nunc
913 2048 1042 2086 nobis
1084 2048 1454 2095 coniunctissimi,
1488 2050 1773 2098 nostramque
1805 2059 1981 2088 causam

365 2113 585 2151 tueantur.
620 2112 666 2150 Id
699 2113 887 2151 maxime
918 2112 1076 2151 mirum
1106 2113 1325 2163 plerisque
1356 2113 1452 2159 fuit,
1476 2125 1609 2164 quam
1639 2114 1815 2163 repente
1845 2113 1984 2152 nostri

364 2176 485 2215 ciues
514 2176 778 2215 sententiam
809 2177 1036 2223 mutarint,
1060 2189 1191 2227 quam
1223 2178 1309 2217 cito
1340 2178 1610 2217 reconciliati
1641 2177 1770 2217 nobis
1805 2178 1982 2225 fuerint,

364 2252 452 2290 qua
496 2242 645 2290 postea
688 2241 999 2280 heneuolentia
1033 2243 1074 2280 et
1103 2242 1251 2280 studio
1294 2242 1481 2292 polliciti
1511 2242 1602 2281 sint
1644 2254 1818 2281 omnem
1858 2253 1983 2281 suam

363 2317 541 2355 operam
570 2307 612 2344 et
642 2305 935 2346 industriam:
968 2306 1043 2356 qui
1075 2318 1175 2345 cum
1200 2309 1300 2345 ante
1332 2309 1533 2346 nostrum
1563 2319 1585 2345 e
1620 2306 1764 2347 Gallia
1808 2309 1985 2357 exopta-

364 2372 461 2408 rent
490 2381 726 2417 recessum,
760 2371 873 2409 nihil
905 2382 1021 2409 nunc
1051 2371 1242 2410 habeant
1274 2372 1318 2410 in
1350 2372 1454 2410 vrbe
1484 2383 1564 2411 sua
1599 2372 1728 2411 nobis
1757 2371 1981 2422 optatius;

366 2434 499 2484 idque
530 2446 664 2473 vnum
696 2434 884 2473 maxime
918 2437 1117 2474 metuunt
1138 2447 1191 2474 ne
1214 2435 1259 2474 in
1288 2435 1477 2475 concilio
1506 2437 1775 2486 approbetur
1804 2436 1985 2486 recipia-

366 2500 523 2548 turque
553 2498 762 2538 Societas.
796 2498 938 2548 Quare
971 2500 1090 2538 vrbis
1119 2500 1325 2539 consules
1354 2512 1528 2539 omnem
1559 2500 1772 2539 adhibent
1800 2500 1985 2550 diligen-

364 2562 487 2609 tiam,
519 2564 696 2613 totaque
737 2563 896 2602 ciuitas
928 2563 973 2601 in
1016 2564 1294 2613 procurando
1323 2564 1461 2603 totius
1501 2564 1744 2603 Aruerniae
1773 2564 1826 2603 de
1856 2564 1985 2604 nobis

365 2627 634 2666 testimonio.
668 2627 786 2666 Haec
816 2639 922 2666 sane
953 2640 1033 2667 nos
1063 2640 1149 2667 vna
1182 2640 1247 2667 res
1281 2629 1557 2668 vehementer
1591 2629 1774 2676 solatur,
1807 2629 1853 2668 P.
1873 2628 1982 2676 R.de,

364 2692 481 2742 quod
512 2703 663 2731 eorum
694 2704 826 2742 opera
859 2692 1095 2742 perfectum
1126 2693 1197 2738 sit,
1230 2695 1277 2732 vt
1306 2695 1394 2732 tres
1423 2694 1601 2733 ordines
1629 2693 1898 2744 pontificius,
1926 2693 1984 2732 ci-

364 2756 469 2795 uilis
499 2758 631 2806 atque
662 2756 895 2801 nobilium,
921 2768 970 2795 ac
990 2757 1194 2795 tredecim
1227 2758 1460 2808 praecipue
1491 2758 1734 2797 Aruerniae
1763 2757 1980 2804 ciuitates,

367 2832 450 2859 vno
494 2821 806 2871 communique
849 2832 1084 2867 consensu,
1117 2822 1225 2860 satis
1257 2823 1487 2873 magnifice
1525 2822 1699 2861 collatis
1733 2822 1875 2873 signis
1906 2834 1982 2872 pro

365 2885 494 2924 nobis
529 2887 856 2933 attestarentur,
889 2886 1153 2936 tabellisque
1182 2887 1492 2926 confirmarent
1512 2887 1620 2937 quid
1642 2887 1687 2926 in
1718 2886 1984 2928 Aruerniam

426 3028 443 3046 a
465 3029 503 3052 se
526 3029 652 3061 snpra
675 3029 776 3052 vers.
801 3038 840 3041 ——
872 3020 890 3047 h
920 3020 1047 3061 itaque
1070 3029 1193 3061 supra
1219 3029 1320 3053 vers.
1345 3039 1384 3043 —
1408 3029 1422 3048 c
1443 3030 1535 3062 opus
1565 3030 1692 3062 supra
1714 3030 1816 3053 vers.
