2099 3516
394 253 465 290 284
864 254 1068 290 LITTERAE
1102 254 1447 299 QUAanEsrrmzs

348 382 465 417 nere,
496 371 573 422 qui
619 371 808 411 subinde
837 371 967 411 nobis
1013 373 1327 420 obtruduntur,
1376 385 1518 424 neque
1556 373 1665 414 citra
1704 374 1962 414 intermina-

348 435 528 475 tionem.

424 500 462 539 9.
496 500 656 540 Verum
688 503 732 540 vt
760 502 815 540 ad
845 502 1064 552 gymnasii
1094 502 1233 541 nostri
1265 514 1450 541 messem
1484 503 1758 551 accedamus,
1800 504 1962 554 profes-

347 575 468 603 sores
497 565 670 604 classici
701 567 806 605 sunt
836 567 885 604 10
913 577 1081 617 suoque
1110 567 1295 606 docendi
1326 578 1505 606 munere
1525 568 1679 607 sedulo
1699 568 1960 619 funguntur,

347 627 407 667 ita
440 630 483 668 vt
513 641 772 680 progressus
801 630 1014 680 auspiciis
1043 631 1352 682 respondeant,
1386 643 1463 671 seu
1494 632 1641 682 potius
1671 632 1799 671 initia
1837 644 1965 683 supc-

348 694 456 732 rent.
488 692 671 732 Nostras
708 694 884 733 scholas
913 701 931 720 ἢ
975 694 1349 746 frequentantium
1379 694 1398 721 ¹³
1442 707 1653 735 numerus
1696 695 1963 747 quingentos

346 756 538 808 attingit,
570 760 647 797 aut
675 760 867 808 superat,
899 759 973 809 qui
1006 759 1052 798 in
1081 759 1175 799 dies
1205 760 1486 799 vehementer
1515 762 1714 811 augetur.
1746 761 1809 800 Ex
1852 761 1963 800 Pan-

346 821 481 860 nonia
523 824 565 861 et
594 822 806 861 Bohemia
852 823 1059 874 discipuli
1091 825 1340 875 frequentes
1382 825 1438 863 ad
1480 836 1562 864 nos
1609 825 1850 864 confluunt.
1901 825 1963 864 Ex

345 885 730 937 wittembergensi,
779 889 821 926 et
849 887 1216 939 norimbergensi,
1261 891 1303 928 et
1331 888 1433 928 aliis
1476 889 1660 928 miserae
1702 889 1962 929 Germaniae

345 949 525 995 scholis,
559 962 646 989 non
676 951 820 1001 pauci,
852 953 894 990 et
924 963 1108 1002 magnae
1138 953 1315 1003 quidem
1351 953 1613 1000 nobilitatis,
1663 953 1964 992 adolescentes

345 1013 431 1052 huc
460 1025 506 1053 se
535 1015 822 1062 transferunt,
853 1016 929 1066 qui
959 1028 1144 1067 magnos
1174 1029 1263 1056 non
1294 1017 1339 1056 in
1369 1029 1414 1056 re
1443 1019 1614 1056 tantum
1645 1017 1854 1065 literaria,
1886 1017 1963 1056 sed

344 1078 476 1117 etiam
504 1079 548 1117 in
572 1079 731 1129 pietate
760 1082 892 1131 atque
921 1080 1164 1120 christiana
1194 1089 1208 1107 0
1247 1081 1459 1132 religione
1488 1093 1748 1133 progressus
1777 1082 1960 1122 faciunt.

345 1142 406 1181 Ex
436 1143 507 1182 his
535 1143 716 1194 quidam
763 1156 906 1184 annos
952 1145 1025 1184 vix
1070 1146 1119 1184 10
1148 1148 1279 1185 natus
1317 1158 1342 1185 a
1376 1146 1634 1196 parentibus
1667 1146 1964 1186 schismaticis

343 1206 489 1253 domo,
520 1208 637 1258 quod
667 1209 936 1248 sacrosancti
961 1210 1121 1261 jubilei
1165 1212 1357 1260 tempore
1386 1209 1404 1236 <¹
1440 1210 1637 1250 ieiunare
1679 1210 1962 1257 decreuisset,

343 1270 580 1311 durissime
600 1273 827 1323 expulsus,
851 1273 896 1312 in
918 1286 999 1314 suo
1020 1274 1093 1325 pio
1115 1275 1340 1325 proposito
1370 1275 1574 1325 perstitit.
1596 1275 1701 1314 Inde
1721 1275 1775 1314 ad
1797 1275 1964 1322 auiam,

343 1335 573 1375 honestam
605 1337 650 1376 in
682 1338 836 1388 primis
865 1341 907 1378 et
936 1339 1199 1379 catholicam
1243 1341 1505 1387 matronam,
1539 1352 1639 1378 mox
1686 1351 1780 1379 sese
1818 1339 1964 1379 confe-.

345 1412 445 1439 rens
474 1413 573 1440 cum
594 1413 644 1441 ea
661 1402 808 1442 triduo
837 1404 949 1442 clam
980 1404 1212 1444 ieiunauit.
1237 1404 1366 1444 Alius
1395 1407 1535 1444 aetate
1561 1405 1693 1455 paulo
1716 1404 1965 1455 prouectior

343 1476 441 1504 cum
472 1466 666 1516 grauiter
695 1467 822 1507 ferret
853 1471 1035 1508 matrem
1065 1481 1191 1508 suam
1220 1470 1276 1508 ab
1305 1469 1488 1508 ecclesia
1509 1469 1585 1508 Dei
1618 1469 1802 1520 turpiter
1826 1468 1963 1508 desci-

344 1529 462 1569 uisse
501 1538 537 1579 0,
564 1531 629 1570 ira
676 1532 866 1582 quadam
898 1536 1050 1572 sancta
1082 1534 1272 1584 percitus
1315 1534 1371 1584 ijs
1414 1534 1559 1573 verbis
1601 1546 1696 1573 eam
1726 1545 1964 1585 aggressus

343 1596 430 1633 est:
467 1610 486 1629 «
516 1596 667 1643 Mater,
717 1596 804 1636 nisi
848 1598 1178 1637 commenticias
1226 1601 1325 1638 tuas
1353 1599 1602 1650 opiniones,
1651 1601 1783 1649 atque
1826 1598 1961 1649 impia

343 1658 519 1699 Martini
550 1660 730 1700 Lutheri
761 1662 932 1702 decreta
980 1663 1311 1714 propulsaueris
1341 1675 1363 1703 e
1393 1666 1469 1703 tuo
1498 1664 1654 1714 capite,
1699 1675 1789 1702 non
1832 1663 1963 1702 modo

342 1734 507 1763 morem
538 1725 618 1764 tibi
648 1726 841 1777 amplius
870 1739 957 1766 non
989 1739 1152 1778 geram,
1184 1728 1260 1767 sed
1290 1740 1368 1767 nec
1398 1728 1551 1767 matris
1583 1728 1676 1767 loco
1697 1730 1737 1767 te
1767 1739 1961 1779 vnquam

343 1789 584 1828 venerabor
613 1806 650 1829 ».
683 1790 855 1840 Quibus
884 1791 1030 1831 verbis
1060 1792 1119 1831 ita
1149 1795 1367 1832 commota
1396 1793 1488 1837 illa,
1522 1795 1564 1832 vt
1595 1805 1684 1832 non
1713 1793 1843 1843 longe
1863 1794 1963 1842 post

343 1853 613 1902 poenitentia
636 1855 750 1895 vitae
779 1858 1004 1895 anteactae
1034 1859 1245 1907 permota,
1269 1858 1386 1908 apud
1417 1869 1497 1896 nos
1518 1869 1699 1909 syncere
1728 1857 1962 1908 acintegre

341 1917 664 1958 confessionem
694 1919 950 1960 instituerit.
974 1920 1087 1961 Sunt
1106 1922 1182 1972 qui
1203 1934 1377 1961 omnem
1401 1934 1577 1961 mouere
1598 1922 1789 1972 lapidem
1810 1921 1959 1961 viden-

342 1983 427 2028 tur,
460 1985 505 2021 vt
534 1983 580 2022 hi
610 1984 876 2034 quibuscum
919 1988 1072 2037 agunt,
1118 1987 1249 2026 rebus
1277 1987 1455 2026 caducis
1486 1986 1747 2033 valedicant,
1783 1998 1833 2025 ac
1866 1997 1961 2025 sese

342 2047 457 2086 totos
486 2048 677 2088 aeternis
705 2053 974 2089 consecrent.
1008 2050 1132 2090 Adde
1161 2051 1278 2102 quod
1322 2051 1404 2090 hoc
1450 2051 1786 2102 quadragenarii
1820 2051 1957 2101 ieiunj

342 2113 549 2162 tempore,
581 2125 662 2153 suo
692 2114 880 2165 quisque
910 2127 988 2166 pro
1017 2116 1213 2162 modulo,
1245 2116 1422 2156 diuersa
1451 2128 1529 2166 pro
1559 2116 1703 2155 foelici
1742 2116 1961 2167 generalis

340 2176 514 2227 concilij
547 2189 728 2218 sucessu
764 2180 1028 2220 munuscula
1059 2180 1128 2231 pie
1160 2181 1221 2229 (vt
1249 2193 1301 2220 ex
1331 2181 1475 2220 indice
1504 2181 1559 2220 ad
1589 2181 1636 2222 T.
1667 2181 1718 2221 R.
1752 2181 1799 2220 P.
1831 2183 1960 2220 antea

342 2241 477 2280 misso
506 2245 792 2293 constat),·ac
816 2244 1114 2284 libentissime
1144 2246 1234 2285 Deo
1264 2245 1362 2296 Opt.
1395 2246 1508 2285 Max.
1541 2246 1717 2292 obtulit,
1749 2245 1959 2284 nimirum

340 2305 645 2354 eleemosinas,
669 2308 850 2355 ieiunia,
872 2309 1004 2360 cilicij
1027 2302 1391 2360 deportationem,
1414 2310 1613 2361 aliasque
1629 2309 1956 2360 castigationes.

340 2370 592 2411 Visitabant
622 2373 748 2412 multi
779 2374 1068 2421 xenodochia,
1099 2375 1379 2414 confluebant
1408 2374 1634 2414 turmatim
1664 2374 1719 2413 ad
1748 2386 1957 2422 carceres,

340 2447 532 2487 suasque
562 2438 846 2488 pauperibus,
869 2439 945 2489 qui
967 2439 1010 2478 id
1035 2442 1250 2490 poterant,
1273 2439 1484 2490 pecunias
1505 2451 1684 2490 syncere
1704 2441 1746 2478 et
1767 2439 1959 2478 maximo

339 2512 435 2539 cum
468 2501 605 2540 animi
635 2503 795 2542 solatio
823 2505 1078 2555 erogabant.
1112 2505 1169 2544 Hi
1199 2505 1403 2556 gnauiter
1431 2505 1635 2544 laborant
1664 2505 1709 2543 in
1743 2505 1957 2555 epigram-

340 2565 485 2610 matis,
518 2568 611 2605 tum
640 2566 687 2606 in
716 2568 863 2607 soluta
891 2568 1090 2608 oratione
1119 2569 1356 2608 dominicis
1392 2569 1604 2620 festisque
1651 2569 1807 2608 diebus
1854 2569 1958 2608 reci-

340 2630 496 2677 tanda3
529 2631 642 2670 vnde
672 2632 733 2679 fit,
766 2634 811 2671 vt
841 2633 941 2683 ipsi,
973 2635 1012 2672 et
1044 2634 1120 2683 qui
1150 2634 1354 2681 audiunt,
1387 2634 1432 2673 in
1462 2633 1556 2673 dies
1587 2633 1727 2684 magis
1747 2645 1796 2672 ac
1818 2633 1958 2684 magis

338 2695 390 2734 ad
442 2696 645 2746 pietatem
694 2697 1037 2737 inflammentur.
1089 2699 1156 2738 Ad
1204 2699 1311 2738 haec
1358 2698 1486 2738 multi
1533 2698 1711 2749 saepius
1761 2698 1958 2749 quolibet

339 2771 488 2799 mense
516 2772 597 2800 sua
627 2764 803 2812 peccata
832 2763 1028 2802 confiteri
1059 2763 1216 2804 solent.
1248 2763 1358 2803 Acta
1386 2765 1452 2803 est
1481 2763 1657 2813 Iosephi
1686 2762 1957 2802 commoedia

338 2836 435 2864 cum
468 2825 637 2876 ingenti
685 2829 980 2877 spectatorum
1027 2827 1350 2878 episcoporum,
1401 2829 1671 2879 magnatum,
1721 2827 1954 2875 nobilium,

407 2980 425 2998 a
454 2972 573 3004 scolas
595 2971 642 3004 A.
667 2991 706 2994 —
730 2972 749 2998 b
776 2972 1091 3014 frequententium
1114 2973 1160 3005 A.
1178 2992 1217 2995 —
1235 2982 1249 3000 c
1282 2973 1462 3005 cristiana
1483 2972 1530 3005 A.
1555 2992 1593 2995 —
1616 2973 1635 2999 d
1656 2973 1817 3014 tempore
1832 2981 1958 3014 supra

337 3033 452 3059 vers„
474 3024 595 3056 deleto
619 3033 717 3065 ergo,
742 3025 845 3065 quod
866 3027 922 3057 est
938 3025 982 3056 in
998 3025 1042 3058 Β.
1060 3044 1099 3047 —
1117 3034 1132 3052 e
1160 3025 1379 3058 dessiiuisse
1401 3025 1446 3062 A,
1463 3025 1508 3058 B.
