2099 3516
499 270 580 306 531.
608 287 650 293 -
678 269 1036 306 CAESARAUGUSTA
1066 268 1107 303 19
1133 267 1232 303 MA11
1261 268 1349 303 1561
1622 267 1692 303 335

891 514 990 564 531

540 655 1096 707 HIERONYMUS
1159 654 1314 704 Ros

572 786 920 812 CAESARAUGUSTA
951 776 994 811 19
1021 786 1112 811 MAH
1144 775 1229 811 1561
1260 776 1284 811 1.

106 901 143 935 1.
175 897 273 935 Duo
304 897 605 935 adulescentes
635 898 683 934 in
704 897 924 934 certamen
956 896 1192 945 singulare
1223 895 1272 933 de
1302 896 1395 933 vita
1425 896 1517 933 iam
1547 895 1640 932 iam
1671 894 1738 932 oli-

212 962 428 1000 micaturi
457 974 484 1000 a
526 962 696 1000 nostris
743 961 985 999 conciliati.
1019 982 1068 987 —-
1099 964 1140 998 2.
1176 959 1361 999 Genitor
1398 972 1451 998 ex
1481 959 1566 1008 filii
1596 959 1738 997 morte

213 1027 419 1076 furiosus
448 1026 656 1075 pacatur.
690 1047 740 1052 —-
771 1029 812 1063 3.
842 1025 971 1063 Aliae
1001 1025 1351 1063 conciliationes.
1389 1024 1550 1063 Caedes
1579 1024 1738 1062 coniu-

209 1103 317 1140 equm
346 1092 589 1129 imminens
619 1091 805 1139 vitatur,
836 1091 1027 1140 utroque
1055 1092 1103 1128 in
1142 1090 1408 1139 religionem
1437 1091 1656 1139 ingresso.
1687 1111 1739 1114 —

209 1159 302 1194 4-6.
332 1157 595 1194 Ministeria
637 1156 758 1205 apud
788 1156 1003 1205 aeymtos,
1040 1167 1151 1203 reos,
1181 1167 1358 1204 pueros,
1388 1154 1606 1204 populum
1633 1166 1736 1203 pro—

211 1223 378 1260 miscue
421 1222 461 1259 et
505 1221 600 1260 loca
643 1222 806 1260 vicina.
840 1243 890 1247 ——
934 1224 975 1259 7.
1010 1220 1353 1270 Confessionum
1397 1220 1650 1270 frequentia
1698 1220 1737 1257 et

210 1287 400 1336 fructus.
433 1309 484 1312 —
513 1291 555 1325 8.
591 1286 950 1325 Concubinarius
979 1298 1089 1325 suae
1124 1286 1419 1324 conscientiae
1448 1285 1655 1324 consulit.
1686 1306 1737 1310 —

211 1355 252 1390 9.
282 1352 450 1401 Populi
493 1352 543 1390 de
572 1352 743 1390 nostris
786 1353 962 1401 opinio;
991 1352 1030 1390 et
1061 1352 1118 1389 acl
1147 1363 1219 1389 eos
1258 1351 1536 1400 frequentior
1565 1352 1613 1388 in
1644 1350 1737 1388 dies

211 1419 399 1456 accessio
413 1434 425 1465 ‚·
454 1429 616 1455 norma
646 1417 895 1455 meditandi
920 1417 1131 1466 pluribus
1162 1417 1281 1455 olata.
1304 1438 1354 1442 —
1382 1419 1522 1454 10-11.
1554 1415 1738 1454 Nostro-

209 1495 313 1521 rum
361 1483 520 1530 status,
552 1482 774 1527 valetudo,
807 1483 1009 1521 virtutes.
1065 1481 1261 1520 Casuum
1305 1482 1599 1521 conscientiae
1645 1481 1737 1519 stu-

210 1547 349 1586 dium.
402 1548 632 1597 Templum
680 1549 901 1595 ornatius,
948 1547 1204 1586 bibliotheca
1254 1547 1527 1596 locupletior,
1577 1546 1736 1584 domus

210 1613 499 1662 stinplificata.
533 1635 582 1638 —
610 1616 680 1651 12.
717 1613 819 1650 Tres
850 1612 1059 1651 Societati
1094 1613 1312 1651 adiuncti.
1346 1634 1394 1638 —
1424 1615 1495 1649 13.
1524 1611 1615 1649 Per
1642 1611 1737 1649 heb-

210 1677 449 1716 domadam
479 1679 685 1716 sanctam
715 1679 763 1716 in
793 1678 946 1716 nostro
979 1678 1138 1727 templo
1179 1677 1369 1716 assidua
1399 1677 1665 1726 frequentia,
1697 1677 1736 1715 et

207 1743 411 1782 adoratio
435 1744 668 1793 pergrata.
691 1766 739 1770 -
769 1747 839 1782 14.
869 1745 1078 1793 Episcopi
1108 1745 1303 1782 oscensis
1333 1734 1439 1791 ersla
1471 1742 1732 1782 Societatem

206 1808 519 1847 benevolentia.
568 1830 619 1835 —
666 1809 809 1847 Abbas
855 1809 1019 1848 Patres
1060 1809 1264 1859 postulat
1313 1810 1390 1858 qui
1441 1808 1619 1847 verbum
1652 1809 1735 1847 Dei

201 1874 461 1923 praedicent
490 1876 539 1912 in
568 1886 653 1912 sua
683 1875 869 1918 dicione.
903 1876 974 1913 cui
1003 1876 1055 1913 P.
1090 1875 1249 1913 Hector
1279 1874 1458 1913 annuit.
1482 1896 1532 1900 —
1562 1877 1632 1912 15.
1661 1874 1735 1912 Vo—

208 1939 357 1977 torum
387 1940 632 1978 renovatio.

181 2062 216 2100 1.
249 2063 278 2111 †
309 2061 418 2102 IHS.
451 2085 501 2090 --
532 2062 785 2102 Admodum
818 2062 909 2103 RQ
940 2063 986 2102 in
1017 2062 1146 2102 Cbro.
1182 2063 1312 2102 Pater
1346 2062 1595 2114 [Epistulae
1617 2063 1733 2102 ordi-

99 2139 200 2165 nem
224 2126 466 2178 proponit].
493 2127 591 2166 Duo
611 2127 786 2166 nobiles
806 2128 1108 2167 adolescentes
1138 2140 1233 2167 sese
1264 2128 1311 2166 in
1340 2127 1568 2178 singulare
1598 2129 1734 2167 certa-

98 2202 198 2230 men
230 2195 543 2242 prouocarunt,
575 2194 618 2232 et
647 2192 815 2232 socium
849 2195 1031 2244 vterque
1063 2205 1226 2232 vocans
1256 2193 1301 2232 in
1332 2204 1512 2232 arenam
1555 2193 1734 2232 descen-

98 2256 271 2295 derunt.
306 2257 392 2296 Res
423 2257 476 2296 ad
499 2259 676 2297 nostros
697 2257 846 2297 statim
869 2258 1015 2297 delata
1036 2260 1116 2307 est,
1140 2270 1190 2297 ac
1212 2258 1319 2297 111116
1340 2259 1428 2297 (1110
1449 2270 1502 2297 ex
1526 2258 1733 2297 Patribus

98 2320 219 2361 illico
250 2324 490 2372 properant
521 2322 725 2373 (coeteris
755 2323 831 2374 qui
863 2323 982 2362 domi
1014 2325 1285 2370 manserant,
1309 2324 1449 2363 Deum
1475 2335 1550 2374 pro
1580 2323 1732 2362 eadem

98 2386 196 2436 ipsa
226 2398 270 2426 re
300 2387 674 2437 deprecantibus),
707 2390 747 2427 et
778 2388 877 2427 licet
910 2389 1035 2428 locus
1057 2400 1232 2439 pugnae
1253 2389 1503 2428 destinatus
1534 2388 1621 2428 fere
1647 2389 1730 2428 tria

98 2451 241 2490 millia
271 2463 486 2502 passuum
516 2453 701 2492 distaret
730 2466 754 2492 a
785 2453 981 2501 ciuitate,
1014 2454 1068 2493 ad
1098 2466 1197 2493 eum
1221 2456 1368 2493 tamen
1392 2454 1544 2493 Patres
1574 2466 1731 2505 oppor-

97 2517 203 2555 tune
234 2519 554 2567 peruenerunt;
582 2518 677 2569 ‚jam
707 2518 825 2557 enim
864 2518 999 2558 simul
1042 2531 1197 2558 omnes
1240 2519 1439 2563 aderant,
1471 2521 1513 2558 et
1542 2519 1731 2558 necdum

97 2581 152 2620 ad
182 2593 470 2632 congressum
502 2585 680 2623 ventum
723 2585 888 2624 fuerat:
922 2587 1213 2635 segregarunt
1242 2596 1317 2623 eos
1348 2585 1501 2623 Patres
1530 2585 1586 2623 ab
1617 2584 1733 2624 inui-

96 2657 204 2693 cem,
237 2648 279 2686 et
307 2659 408 2686 cum
438 2647 491 2687 de
525 2660 627 2699 pace
658 2648 774 2688 inter
803 2648 924 2700 ipsos
955 2649 1235 2689 concilianda
1257 2652 1461 2700 ageretur
1488 2650 1622 2700 (quod
1644 2649 1730 2700 ipsi

95 2711 285 2751 libenter
313 2712 585 2762 audiebant),
617 2725 716 2753 6666
745 2714 870 2753 adest
900 2714 1023 2765 regni
1056 2715 1318 2765 praefectus,
1348 2716 1529 2754 Patrum
1559 2727 1732 2755 eorum-

95 2776 193 2816 dem
215 2777 448 2828 diligentia
476 2779 529 2818 de
551 2791 596 2819 re
616 2780 777 2819 certior
797 2780 955 2827 factus,
979 2780 1055 2831 qui
1078 2781 1283 2821 homines
1303 2781 1728 2832 compraehendens‚

96 2853 248 2892 pacem
278 2842 393 2882 inter
435 2843 558 2894 ipsos
599 2845 864 2896 composuit.
898 2846 999 2891 Res,
1032 2848 1080 2885 ut
1123 2846 1357 2886 notissima
1388 2847 1473 2886 fuit
1502 2846 1727 2894 omnibus,

96 2906 157 2945 ita
187 2918 276 2946 non
307 2908 527 2948 modicam
556 2909 808 2949 animorum
838 2911 1049 2950 excitauit
1079 2911 1446 2951 aedificationem.

157 3055 166 3072 ¹
190 3053 243 3086 Ex
266 3056 411 3096 autogr.
438 3056 476 3087 in
500 3056 580 3089 cod.
607 3055 720 3097 Hisp.
744 3056 805 3089 98,
830 3056 866 3089 ff.
891 3058 963 3097 218,
989 3058 1071 3093 219:
1097 3058 1203 3099 prius
1227 3059 1298 3091 290.
