2099 3516
377 261 446 297 346
852 263 1056 301 LITTERAE
1082 265 1427 310 QUADmMEs‘rREs

331 380 605 430 gioueranno
634 393 659 420 a
680 382 818 421 molti.
851 382 947 422 Vna
977 383 1164 433 giouene
1193 385 1341 424 nobile
1370 386 1450 425 che
1479 387 1706 438 frequenta
1732 388 1774 427 la
1794 391 1944 429 nostra

330 444 493 492 chiesa,
525 445 712 485 essendo
741 448 980 486 constretta
1009 448 1142 487 molte
1171 449 1290 488 uolte
1310 449 1365 488 da
1386 450 1485 489 suoi
1514 451 1594 490 che
1622 463 1669 490 se
1698 453 1942 501 maritasse,

328 519 479 547 accesa
521 509 764 549 dall’amor
791 510 861 549 del
890 523 1022 561 sposo
1064 512 1236 560 celeste,
1268 514 1305 552 si
1336 514 1473 565 taglio
1501 526 1524 553 e
1552 516 1710 566 capelli
1749 528 1825 567 per
1855 529 1945 557 non

328 583 448 611 esser
478 573 552 623 pin
583 574 828 621 molestata,
860 587 883 614 e
912 575 996 614 sin'
1011 576 1066 615 ad
1096 577 1203 616 hora
1233 580 1300 617 sta
1330 578 1466 617 molto
1503 582 1735 619 constante
1764 581 1835 620 nel
1864 593 1946 621 suo

330 638 538 687 proposto
567 637 784 678 diseruir
811 639 853 678 al
883 643 1188 681 suo.0reatore
1215 641 1261 681 in
1291 644 1417 681 santa
1448 643 1608 693 purita.
1642 644 1820 684 Mache
1849 645 1945 685 diro

330 700 376 739 in
406 702 609 752 generale
637 703 690 741 de
720 703 821 742 tutti
851 715 873 743 e
904 704 1043 743 nostri
1072 705 1252 745 deuoti?
1281 706 1456 746 Grande
1485 710 1603 747 certo
1623 709 1646 747 e
1668 708 1699 748 il
1728 709 1946 749 desiderio

330 776 353 804 e
381 765 474 804 zelo
503 766 736 806 ch'hanno
765 767 968 807 d’aiutar
996 769 1056 820 gli
1086 770 1203 817 altri,
1248 782 1370 810 come
1399 771 1444 810 in
1474 783 1607 822 opera
1648 784 1797 823 spesse
1827 774 1946 813 uolte

329 829 619 878 dimostrano‚
650 831 719 871 del
749 832 829 871 che
871 833 985 872 seria
1028 833 1161 885 longo
1190 847 1216 874 a
1244 835 1482 877 scriuerne.
1526 836 1677 876 Gloria
1708 849 1762 876 ne
1791 838 1857 877 sia
1886 838 1947 877 al-

330 893 544 946 l'origine
573 896 626 935 de
655 897 756 936 tutti
786 909 808 936 e
839 898 954 938 beni.
987 898 1084 938 Non
1113 899 1152 938 si
1182 911 1337 939 manca
1366 901 1408 940 al
1429 903 1575 951 tempo
1604 913 1701 948 suo,
1733 914 1854 942 come
1874 902 1946 954 gia

330 959 419 998 han
450 971 526 1010 per
566 963 763 1001 costume
792 962 823 1001 li
853 963 1008 1010 nostri,
1053 963 1198 1003 aiutar
1226 976 1251 1004 a
1281 965 1365 1004 ben
1405 965 1564 1005 morire
1593 966 1623 1004 li
1655 967 1876 1017 prossimi.
1910 967 1946 1006 Il

330 1024 495 1064 credito
537 1025 652 1064 della
696 1026 967 1078 Compagnia
1011 1029 1148 1078 (come
1190 1029 1300 1068 altre
1342 1030 1462 1069 uolte
1491 1030 1563 1069 s'e
1592 1030 1760 1078 scritto)
1803 1043 1947 1071 cresce

330 1089 446 1128 assai
468 1090 514 1128 in
534 1093 687 1141 queste
717 1092 844 1142 parti,
876 1093 990 1131 onde
1021 1093 1143 1132 molti
1174 1094 1288 1133 nelle
1317 1094 1412 1133 loro
1440 1106 1697 1134 occorrenze
1726 1095 1947 1135 ricorreno

329 1153 407 1192 alli
437 1155 576 1194 nostri
606 1167 684 1206 per
710 1157 950 1207 consegliQ
982 1169 1005 1197 e
1034 1169 1080 1197 se
1110 1169 1163 1197 ne
1194 1160 1378 1208 partono
1413 1159 1548 1198 molto
1577 1159 1786 1199 satisfatti
1816 1162 1859 1199 et
1887 1160 1947 1199 al-

331 1218 454 1268 legri.
488 1218 772 1270 [Exilitatem
802 1223 1031 1272 fructuum
1061 1226 1241 1262 excusat
1270 1225 1310 1262 et
1333 1237 1485 1274 preces
1509 1223 1747 1276 postulatJ.

436 1283 500 1322 Da
530 1284 732 1324 Palermo
761 1286 838 1325 alli
868 1286 919 1325 036
947 1286 991 1325 di
1022 1287 1196 1337 Maggio
1227 1287 1342 1327 1561.

438 1348 489 1387 Di
521 1349 571 1389 V.
605 1350 658 1390 M.
690 1351 766 1390 Ra
788 1351 834 1390 P.
868 1351 1060 1403 indegno
1089 1363 1218 1392 seruo

1442 1407 1647 1446 ANTONIO
1678 1407 1834 1446 MAcTo
1864 1409 1892 1446 ¹.

1086 1650 1199 1700 534

719 1802 772 1851 Ρ.
827 1802 1150 1852 IOSEPHUS
1212 1804 1556 1853 FABRICIUS

870 1950 1042 1975 Nmpom
1068 1941 1114 1975 028
1141 1951 1231 1976 mn
1261 1941 1345 1976 1561
1375 1942 1399 1976 2.

331 2072 417 2106 1-2.
449 2068 680 2108 Sociorum
711 2082 940 2108 numerus.
974 2071 1024 2109 P.
1055 2071 1365 2109 Baltlzassar‘is
1397 2072 1446 2109 de
1484 2072 1641 2109 Torres
1670 2084 1804 2110 mors.
1830 2093 1875 2098 —
1907 2076 1947 2110 3.

435 2135 728 2183 Perfectionis
745 2135 980 2184 religiosae
1000 2136 1214 2174 stadium.
1239 2159 1288 2162 —
1307 2140 1350 2174 4.
1380 2137 1605 2175 Valetudo.
1630 2159 1680 2163 ᾖ
1700 2141 1741 2175 5.
1764 2136 1880 2175 Socii
1900 2139 1947 2175 in

439 2199 600 2237 litteris
639 2200 894 2248 proficiant.
927 2222 975 2226 —
1007 2205 1048 2238 6.
1083 2200 1321 2239 Candidati
1365 2202 1421 2239 ad
1451 2201 1721 2246 Societatem,
1758 2214 1949 2250 quorum

435 2265 574 2301 ‘ericius
617 2265 784 2302 ‘vocatio
829 2265 1083 2312 stimularis
1121 2266 1303 2303 eatstan.
1337 2288 1386 2291 —
1418 2269 1457 2303 7.
1489 2265 1748 2304 Scholastica·
1777 2267 1950 2304 coeterni

435 2340 622 2365 nurnero
666 2330 868 2367 creseunt
911 2331 949 2367 et
992 2331 1336 2368 ex‘e'st‘iftuzatio‘ne.
1382 2331 1532 2368 Etiam
1579 2331 1845 2379 gamadim-es
1893 2331 1949 2368 acl

438 2394 642 2442 linguam
670 2406 876 2442 graecam
906 2394 1221 2432 addiscendam
1251 2395 1475 2432 accedunt.
1500 2417 1549 2420 —
1579 2399 1620 2433 8.
1652 2396 1799 2433 Novae
1828 2408 1948 2433 ewer-

435 2459 666 2496 citationes
691 2460 932 2507 parantur.
968 2481 1014 2485 —
1046 2463 1086 2497 9.
1117 2460 1274 2497 Patris
1303 2460 1608 2498 Province'alis
1638 2461 1874 2498 contiones.
1898 2482 1949 2486 —-

434 2526 504 2560 10.
525 2523 577 2560 P.
604 2523 759 2560 Rector
780 2524 948 2572 aliique
968 2526 1076 2562 socii
1107 2525 1355 2562 doctrinam
1386 2525 1681 2562 christianam
1711 2526 1758 2562 in
1788 2525 1949 2562 scholis

436 2589 673 2637 exponunt,
706 2588 762 2625 ad
805 2600 939 2637 quam
969 2589 1248 2626 ediscendam
1278 2589 1410 2626 wmlti
1443 2589 1642 2627 homines
1672 2601 1771 2627 cum
1799 2590 1949 2638 fructu

436 2653 724 2690 concurrunt.
766 2674 814 2678 -—
844 2657 982 2690 11-13.
1026 2654 1147 2691 Idem
1180 2654 1227 2702 fit
1257 2654 1308 2691 ab
1338 2654 1445 2691 aliis
1482 2655 1614 2691 sociis
1643 2655 1691 2692 in
1722 2654 1880 2703 templo
1910 2655 1949 2692 et

393 2817 402 2833 ¹
426 2816 517 2848 Vide
541 2825 574 2856 p.
599 2816 650 2847 33.

393 2871 404 2887 2
428 2869 478 2899 Ex
502 2869 636 2909 origin.
663 2869 701 2900 in
735 2869 813 2900 cod.
839 2868 962 2909 Neap.
998 2869 1080 2903 193,
1106 2869 1141 2902 ff.
1167 2870 1283 2905 28-312
1309 2869 1413 2910 prius
1446 2869 1593 2902 243-2'46.
1619 2869 1807 2901 Praecedit
1831 2869 1870 2900 in
1893 2878 1949 2901 eo-

330 2921 411 2953 dem
435 2922 513 2953 cod.
539 2921 746 2962 exemplum
770 2921 928 2953 latinum
951 2921 997 2953 ab
1020 2922 1145 2953 eodem
1169 2922 1421 2963 subscriptum
1445 2922 1483 2953 in
1506 2921 1541 2954 ff.
1559 2922 1664 2954 024-27.
1690 2921 1818 2954 Scriba
1840 2930 1949 2963 saepe

334 2974 534 3015 scripserat
557 2974 600 3005 cle
627 2983 697 3015 pro
720 2983 763 3010 c:
784 2974 882 3015 quod
920 2974 958 3005 in
982 2975 1168 3015 plerisque
1192 2975 1281 3007 locis
1315 2975 1388 3006 iam
1412 2975 1451 3006 in
1484 2984 1551 3007 ms.
1576 2976 1780 3006 correctum
1802 2975 1879 3007 est:
1909 2974 1948 3006 in

331 3028 461 3068 paucis
484 3027 605 3059 adhuc
630 3029 767 3059 manet.
