2099 3516
448 251 528 287 570.
557 272 597 276 —
626 251 868 287 VINDOBONA
898 252 912 286 1
943 251 1199 288 SEPTEMBRIS
1229 253 1314 288 1561
1584 253 1652 288 507

72 370 316 420 petebatur,
349 371 571 420 praestare
602 380 730 420 posse
762 370 932 416 Rector,
964 370 1048 409 hoc
1086 370 1286 410 videlicet
1322 371 1600 421 negotiorum
1632 383 1701 421 ge-

73 445 173 478 nus,
197 445 287 473 non
308 435 397 472 tam
418 445 600 473 suarum
623 434 831 484 partium,
856 446 988 484 quam
1013 434 1304 484 prouincialis
1334 446 1430 473 esse
1459 435 1698 474 affirmans.

73 499 153 538 Ille
191 511 294 538 vero
332 500 500 545 contra,
548 499 774 550 negotium
820 511 895 550 per
936 499 1245 549 imperatorem
1291 511 1471 550 vrgere:
1505 499 1697 541 tandem.

72 563 226 610 misso,
258 563 345 602 iam
375 563 585 611 secundo,
617 564 777 603 abbate
806 563 1014 615 quodam,
1055 564 1131 614 qui
1171 564 1351 603 nomine
1391 564 1700 614 episcoporum

73 628 330 679 Hungariae
350 628 589 668 electorum
619 629 827 679 preterito
857 640 976 667 anno
1006 628 1061 667 ad
1091 629 1305 669 sanctis.¹¹¹
1341 629 1572 668 dominum
1603 641 1703 668 nos·

73 695 190 733 trum
221 693 349 732 Pium
380 696 588 744 quartum
612 694 775 733 missus
797 694 954 741 fuerat,
988 693 1032 732 id
1062 706 1086 732 a
1118 693 1214 733 R.d0
1239 694 1287 734 P.
1314 694 1602 737 Prouinciali.
1626 694 1702 745 qui

72 760 178 798 tunc
217 758 328 797 forte
369 758 606 809 collegium
650 761 852 798 nostrum
898 758 1160 798 visitaturus
1200 759 1368 805 aderat,
1399 759 1609 803 obtinuit,
1656 761 1703 798 ut

73 824 232 863 Rector
260 835 326 871 eo,
358 825 473 863 stato
496 826 706 874 tempore,
729 835 775 863 se
795 824 1027 863 conferret.
1061 824 1224 863 Verum
1256 826 1304 863 ut
1333 826 1438 863 sunt
1469 835 1537 863 res
1567 823 1704 863 huius

73 888 189 928 vitae
218 888 538 935 inconstantes,
584 889 811 940 negotium
855 888 1014 939 synodi
1059 888 1190 939 longe
1221 889 1363 936 aliter,
1396 901 1527 939 quam
1560 888 1705 928 crede-

73 954 217 1001 batur,
249 953 419 993 cecidit.
453 953 561 993 Nam
593 966 693 993 cum
723 954 810 1005 pijs
840 953 1005 1004 optatis
1036 954 1147 993 tanti
1177 954 1389 1005 episcopi,
1422 956 1464 993 et
1493 954 1704 993 obedien-

73 1018 159 1057 tiae
191 1020 296 1069 (non
328 1021 475 1058 tamen
504 1019 613 1058 citra
634 1018 816 1070 aliquod
837 1018 973 1058 huius
993 1018 1169 1069 collegij
1193 1018 1540 1069 incommodum)
1564 1019 1704 1058 facere

73 1083 182 1123 satis
212 1084 287 1123 ille
322 1084 552 1131 voluisset,
598 1084 829 1123 commodo
873 1086 1068 1134 tempore
1112 1084 1217 1123 hinc
1263 1084 1499 1135 profectus,
1545 1083 1704 1135 synodi

73 1149 488 1200 desyderatissimae
521 1161 571 1188 ac
610 1149 963 1200 pernecessariae
1008 1149 1249 1199 uestigium
1293 1149 1467 1189 inuenit
1511 1149 1702 1188 nullum.

74 1214 176 1253 Erat
205 1215 320 1254 enim
354 1215 503 1254 nescio
533 1227 644 1266 quas
673 1216 730 1254 ob
759 1226 933 1261 causas,
958 1226 1119 1265 magno
1149 1226 1257 1253 sane
1287 1214 1584 1259 incommodo,
1618 1226 1706 1253 ma·

74 1291 251 1331 gnoque
279 1280 475 1331 episcopi
505 1280 656 1320 dolore
686 1280 733 1319 in
754 1280 878 1319 aliud
900 1282 1075 1331 tempus
1104 1279 1343 1319 celebratio
1374 1279 1498 1319 illius
1530 1279 1703 1319 reiecta.

74 1345 247 1385 Placuit
278 1346 455 1385 interim
486 1346 667 1385 diuinae
690 1345 908 1385 maiestati
931 1357 985 1384 ne
1008 1346 1167 1384 Rector
1196 1345 1361 1384 frustra
1391 1345 1503 1384 illud.
1534 1344 1707 1384 itineris

75 1411 311 1461 perficeret.
342 1411 452 1450 Nam
483 1413 791 1462 praeterquam
821 1411 940 1462 quod
970 1410 1063 1450 illic
1097 1410 1272 1462 collegi]
1305 1410 1609 1461 tyrnauiensis
1639 1421 1707 1448 ae-

74 1475 271 1515 dificium
303 1476 583 1516 mediocriter
611 1476 851 1527 promouit,
885 1477 926 1515 in
959 1478 1082 1515 tanta
1118 1476 1279 1515 mentis
1313 1475 1589 1514 desolatione
1621 1475 1707 1515 R.¹¹¹

74 1544 444 1592 prememoratum
475 1541 747 1592 episcopum,
771 1544 860 1580 tam
887 1541 1161 1587 diuexatum,
1195 1543 1373 1592 tamque
1403 1552 1553 1579 secum
1584 1540 1707 1579 varia

74 1606 331 1657 agitantem,
364 1618 414 1646 ac
444 1607 593 1646 nescio
632 1619 746 1658 quae
790 1607 1075 1646 meditantem
1120 1606 1309 1653 inuenit,
1341 1605 1459 1657 quod
1491 1605 1562 1644 uel
1593 1605 1708 1645 hanc

74 1672 216 1711 solam
246 1673 302 1711 ob
332 1684 527 1719 causam,
560 1672 643 1711 iter
672 1672 812 1712 multo
842 1672 1023 1723 longius
1053 1671 1239 1718 emetiri,
1272 1684 1322 1711 ac
1352 1671 1527 1710 labores
1568 1671 1707 1710 multo

76 1737 305 1787 grauiores
354 1737 509 1776 merito
556 1737 707 1777 subire
750 1737 990 1777 debuisset.
1039 1737 1279 1776 Recreatus
1324 1736 1472 1787 itaque
1518 1735 1708 1775 maxime

75 1801 272 1842 aduentu
302 1802 448 1842 Patris
479 1803 604 1842 Rstfflffi
635 1803 710 1842 ille
754 1803 800 1842 in
844 1802 1000 1853 primis
1044 1802 1149 1849 fuit3
1196 1801 1355 1841 deinde
1399 1813 1527 1841 suam
1570 1803 1706 1840 totam

75 1867 269 1907 animam
301 1868 631 1919 quamprimum
661 1868 707 1907 in
739 1868 884 1907 Patris
913 1869 1067 1919 pectus
1107 1867 1224 1906 ultro
1263 1866 1444 1913 effudit3
1486 1868 1709 1917 postremo

75 1932 172 1972 eius
201 1932 418 1983 consilijs,
442 1944 492 1972 ac
512 1933 773 1980 sententiae,
806 1933 974 1983 absque
1000 1932 1089 1971 vlla
1110 1931 1441 1978 detrectatione,
1466 1931 1536 1970 uir
1557 1931 1710 1981 grauis

75 1997 324 2049 acquieuit3
361 2010 439 2037 nec
478 1998 618 2037 latum
657 2010 779 2045 sane,
821 1998 940 2049 quod
984 1997 1125 2045 aiunt,
1175 2008 1368 2048 unguem
1412 1997 1467 2035 ab
1510 1996 1709 2036 eiusdem

76 2063 221 2102 Patris
263 2063 450 2102 decretis
484 2063 540 2102 ad
574 2063 694 2102 hunc
737 2075 878 2114 usque
921 2062 1037 2102 diem
1082 2062 1286 2102 discessit
1332 2061 1378 2101 in
1421 2061 1710 2101 conficiendis

76 2128 268 2180 negotijs
288 2129 394 2177 illis,
418 2141 608 2180 quorum
638 2128 995 2168 consideratione
1017 2130 1149 2179 atque
1175 2127 1395 2179 grauitate
1426 2127 1711 2166 vehementer

76 2195 337 2246 angebatur,
369 2197 409 2234 et
440 2207 553 2246 quae
583 2195 714 2245 longe
743 2194 831 2234 alia
862 2194 1048 2241 ratione,
1090 2205 1140 2233 ac
1178 2205 1230 2233 ea
1272 2193 1451 2244 quidem
1495 2192 1711 2244 periculo-

76 2259 256 2299 sissima
284 2262 399 2299 certe
429 2261 709 2310 pertractare,
755 2259 908 2298 eodem
953 2259 1084 2310 plane
1127 2259 1213 2303 die,
1254 2270 1343 2309 quo
1374 2258 1534 2297 Rector
1563 2259 1712 2296 noster

76 2336 127 2364 eo
157 2325 403 2376 appulerat,
436 2337 582 2364 secum
615 2326 844 2364 statuerat.
892 2324 1077 2376 Negotia
1123 2336 1229 2364 uero
1273 2324 1366 2371 illa,
1399 2324 1490 2363 Deo
1525 2323 1582 2362 sit
1612 2323 1711 2362 laus

76 2393 119 2430 et
147 2391 305 2438 honor,
336 2390 541 2440 consilio,
581 2390 867 2438 authoritate,
913 2402 1002 2441 qua
1045 2402 1134 2429 non
1180 2401 1337 2441 parum
1381 2390 1499 2440 apud
1546 2389 1711 2428 multos

77 2456 211 2504 ualet,
243 2458 285 2495 et
313 2468 447 2507 opera
475 2456 581 2496 dicti
603 2456 802 2496 Hectoris
823 2456 1010 2495 feliciter
1038 2457 1145 2495 sunt
1173 2455 1386 2496 confecta.
1417 2455 1559 2494 Tanto
1591 2466 1713 2505 prae-

76 2524 196 2561 terea
225 2521 403 2572 pietatis
432 2521 593 2561 affectu
622 2521 885 2561 Societatem
915 2521 1031 2560 hanc
1060 2521 1290 2560 minimam
1318 2522 1515 2560 nostram
1546 2519 1714 2570 episco-

78 2599 162 2638 pus
192 2587 264 2627 hic
294 2599 396 2627 uere
425 2587 527 2638 pius
558 2586 855 2638 prosequitur,
889 2589 937 2626 ut
966 2598 1057 2626 non
1087 2586 1223 2625 aliam
1254 2586 1311 2625 ob
1341 2597 1520 2625 causam
1552 2584 1710 2635 magis,

78 2664 327 2704 regressum
358 2652 405 2692 in
434 2652 809 2703 Transyluaniam
839 2654 992 2703 optare
1026 2652 1249 2698 uideatur,
1290 2663 1425 2703 quam
1455 2652 1504 2690 ut
1535 2650 1713 2689 munifi-

78 2718 384 2758 centissimum
414 2717 637 2769 quoddam
669 2717 762 2757 illic
791 2719 969 2757 nostrae
1012 2716 1247 2757 Societatis
1289 2716 1527 2767 collegium
1563 2715 1712 2754 statim

79 2783 233 2834 erigat.
266 2782 434 2833 Quodsi
465 2782 696 2822 nitriensis
725 2782 1008 2833 episcopatus
1039 2782 1123 2821 hoc
1153 2781 1269 2821 idem
1310 2781 1421 2821 ferre
1460 2782 1624 2831 posset,
1660 2780 1714 2819 de

79 2847 206 2887 nulla
236 2859 282 2887 re
311 2847 436 2899 prius
465 2847 693 2898 cogitaret,
738 2859 872 2898 quam
904 2848 953 2887 ut
982 2858 1115 2886 Vnam
1146 2846 1367 2886 coloniam
1402 2857 1455 2885 ex
1484 2845 1600 2885 Vrbe
1639 2845 1715 2885 So-

79 2912 253 2952 cietatis
273 2914 451 2952 nostrae
471 2912 672 2952 obtinere
692 2912 991 2952 contenderet.
1026 2911 1207 2951 Interim
1238 2923 1344 2951 uero
1374 2910 1538 2950 summi
1567 2909 1714 2949 cuius-

79 2978 182 3018 dam
213 2977 413 3029 beneficij
456 2978 553 3017 loco
591 2979 830 3029 reputaret,
862 2977 900 3017 si
931 2977 1136 3029 precibus
1165 2989 1191 3016 a
1221 2977 1273 3016 R.
1307 2976 1355 3015 T.
1390 2976 1437 3015 Ρ.
1470 2975 1662 3015 alicuius
1691 2986 1715 3015 e
