2099 3516
392 259 461 294 496
862 258 1066 295 LITTERAE
1100 258 1444 302 QuAanEsmEs

346 387 430 426 que
463 377 640 421 ornato,
682 376 838 415 tertius
878 376 1146 421 viennensiS,
1193 386 1281 413 non
1324 373 1489 412 indocti
1535 373 1644 425 [sicl.
1691 373 1773 412 Hic
1814 376 1960 413 autem

347 441 544 487 matrem,
577 440 807 479 honestam
829 442 1074 479 matronam
1096 439 1395 482 viennensem,
1428 437 1580 476 multis
1609 439 1740 488 atque
1768 437 1962 477 assiduis

347 504 544 554 pretibus
585 504 677 556 [sic]
718 505 932 549 exorauit,
969 506 1017 544 ut
1050 516 1074 543 a
1105 504 1283 554 parente
1327 501 1560 552 imprimis,
1605 502 1763 541 deinde
1807 513 1907 541 vero
1937 513 1963 540 a

347 569 476 608 nobis
506 571 662 620 rogatu
692 581 773 609 suo
803 570 1070 620 impetraret,
1103 580 1156 607 ne
1186 569 1354 606 tantum
1392 566 1487 605 eius
1524 567 1703 616 tamque
1732 565 1962 605 assiduum

346 633 569 672 seruiendi
599 634 689 673 Deo
719 634 834 685 Opti.
868 634 913 673 in
943 633 1158 673 Societate
1196 631 1479 678 desiderium,
1516 631 1588 670 uel
1616 643 1642 670 a
1671 633 1850 681 parente
1879 630 1961 670 im-

346 697 583 747 pediretur,
619 699 690 738 uel
719 711 745 737 a
778 699 960 738 Rectore
1004 699 1169 743 nostro,
1200 707 1330 747 quem
1361 696 1545 746 putabat
1573 707 1619 734 se
1648 695 1901 742 offendisse,
1938 707 1963 734 a

345 773 433 812 quo
463 762 678 813 alioquin,
711 765 759 803 ut
788 763 922 810 filius,
954 762 1029 802 ille
1063 762 1296 801 amabatur
1329 760 1375 799 in
1410 759 1616 807 Domino,
1652 759 1960 799 retardaretur.

346 825 550 866 Obtinuit
592 830 793 867 matrona
834 828 912 867 illa
954 827 1042 877 pia,
1086 826 1204 877 quod
1248 837 1329 864 suo
1372 824 1529 875 ipsius,
1561 836 1611 863 ac
1644 824 1723 875 filij
1768 824 1961 871 nomine,

345 890 589 930 christiano
618 892 777 931 affectu
808 892 994 942 petebat.
1039 891 1307 930 Adolescens
1350 900 1452 928 vero
1495 888 1674 929 Gabriel
1716 888 1875 935 dictus,
1916 890 1964 928 ut

345 966 522 1003 nomen,
545 955 606 995 ita
625 967 802 1007 quoque
823 956 960 995 animi
987 956 1220 1007 puritatem
1251 953 1528 1004 speciemque
1556 953 1703 1004 angeli
1732 952 1963 992 cuiusdam

347 1019 425 1058 Dei
456 1020 718 1061 immortalis
748 1033 798 1061 ac
827 1020 942 1072 Opti.
976 1021 1087 1060 Max.
1122 1019 1249 1059 refert
1281 1021 1309 1058 1.

424 1084 462 1124 5.
496 1085 690 1125 Fuerunt
710 1085 877 1125 interea
898 1084 1107 1136 temporis
1128 1084 1277 1135 plures
1296 1081 1485 1134 quinon
1514 1082 1722 1122 dissimili
1752 1082 1965 1133 religione

345 1148 594 1200 affectuque
615 1151 815 1201 permoti,
838 1150 1081 1190 maioribus
1102 1148 1266 1188 nostris
1296 1160 1423 1187 suam
1452 1148 1567 1187 hanc
1597 1147 1792 1198 ipsorum
1825 1146 1963 1186 animi

345 1214 609 1254 sententiam
638 1216 787 1254 notam
818 1227 913 1255 esse
947 1215 1196 1261 voluerunt,
1236 1225 1301 1260 ac,
1342 1212 1556 1252 adhibitis
1593 1212 1725 1252 etiam
1760 1212 1965 1251 interces-

345 1278 537 1327 soribus,
569 1291 752 1319 numero
782 1282 1033 1320 nostrorum
1063 1279 1247 1319 asscribi
1285 1278 1403 1329 apud
1443 1290 1518 1317 eos
1552 1277 1751 1317 studiose
1784 1278 1964 1316 conten-

346 1342 518 1383 derunt.
551 1344 729 1394 Verum,
761 1345 912 1396 qu[od]
944 1345 1026 1384 hoc
1056 1346 1249 1394 tempore
1288 1344 1429 1382 certas
1458 1343 1514 1382 ob
1544 1354 1702 1382 causas
1736 1353 1827 1398 non
1861 1343 1965 1381 sunt

346 1409 552 1457 assecuti,
584 1409 628 1448 id
658 1409 803 1460 ipsum
837 1409 1140 1455 commodiori,
1186 1409 1276 1447 Deo
1320 1408 1510 1455 fauente,
1558 1403 1803 1458 maiorique
1845 1406 1964 1446 haud

345 1472 479 1512 dubie
507 1485 607 1513 cum
637 1474 782 1514 fructu
811 1486 861 1514 ac
889 1474 1027 1513 animi
1057 1473 1216 1513 solatio
1245 1474 1550 1523 assequentur.
1884 1523 1886 1526 ,

424 1538 462 1578 6.
492 1537 590 1589 Egit
620 1540 843 1589 praeterea
872 1538 987 1578 circa
1016 1538 1098 1577 hoc
1128 1540 1300 1588 tempus
1343 1537 1459 1576 idem
1498 1536 1629 1583 serio,
1666 1548 1765 1576 cum
1800 1538 1965 1575 rectore

346 1604 497 1642 nostro
526 1604 674 1654 (quem
703 1615 877 1643 summo
915 1603 1105 1654 quodam
1144 1602 1303 1641 affectu
1333 1602 1379 1641 in
1410 1601 1686 1652 Hungariam
1730 1601 1964 1640 abeuntem

346 1669 412 1706 est
459 1670 732 1718 prosecutus,
767 1680 817 1708 ac
855 1668 1107 1708 redeuntem
1152 1667 1441 1718 11111111611115)2
1476 1666 1540 1705 vir
1582 1666 1763 1717 quidam
1808 1665 1966 1716 prima-

347 1731 455 1779 rius,
487 1733 666 1772 natione
687 1733 930 1784 hyspanus,
952 1735 1065 1772 etate
1085 1732 1195 1772 satis
1217 1734 1433 1779 maturus,
1465 1731 1681 1786 doctrina,
1714 1730 1962 1781 prudentia,

347 1798 478 1848 atque
507 1797 775 1837 authoritate
809 1798 864 1837 ad
904 1809 971 1837 res
1011 1809 1205 1851 magnas=
1238 1796 1535 1848 expediendas
1577 1798 1722 1847 aptus,
1767 1793 1965 1847 germani

347 1860 573 1900 idiomatis
603 1862 784 1912 peritus,
816 1864 871 1909 et,
904 1861 1022 1912 quod
1065 1864 1166 1900 ante
1209 1861 1360 1900 omnia
1388 1862 1454 1900 est
1483 1860 1866 1900 commendatione
1903 1859 1966 1899 di-

347 1937 499 1976 gnum,
532 1925 698 1977 insigni
719 1929 833 1966 certe
855 1926 1014 1977 pietate
1036 1928 1167 1977 atque
1189 1925 1418 1976 religione,
1451 1925 1538 1964 iam
1568 1925 1624 1964 ab
1653 1918 1834 1964 ineunte
1853 1925 1966 1964 etate

347 1990 559 2030 educatus
601 1991 929 2042 exercitusque3
983 1991 1097 2030 serio
1127 1991 1309 2042 inquam
1339 1990 1430 2041 agit
1460 1990 1513 2029 de
1542 1989 1858 2040 abrumpendis
1886 1989 1967 2028 hu-

347 2054 418 2094 ius
449 2055 601 2094 mundi
632 2067 821 2106 nequam
852 2055 987 2103 tricis,
1020 2058 1150 2106 atque
1181 2055 1361 2106 pedicis,
1399 2055 1563 2106 quibus
1597 2050 1860 2105 grauissime
1889 2053 1967 2092 im-

347 2119 620 2169 pediebatur,
643 2132 730 2171 quo
752 2120 901 2160 minus
921 2122 1060 2159 totum
1089 2132 1184 2159 sese
1213 2119 1362 2159 statim
1393 2118 1600 2159 Societati
1632 2119 1728 2158 lhu.
1761 2118 1964 2164 traderet,

347 2183 530 2235 eiusque
559 2185 660 2224 fidei
689 2185 978 2224 committeret
1007 2184 1360 2235 gubernandum.

427 2249 464 2288 7
498 2249 557 2288 Eo
586 2251 732 2289 autem
763 2249 975 2300 proximis
1005 2249 1125 2288 hisce
1154 2249 1312 2288 diebus
1343 2249 1426 2288 hac
1457 2249 1503 2288 in
1533 2260 1578 2287 re
1608 2249 1787 2287 ventum
1817 2248 1897 2294 est,
1920 2248 1965 2286 vt

347 2314 520 2363 quesita
541 2326 590 2353 ac
611 2315 795 2354 inuenta
822 2314 1057 2353 videantur
1086 2313 1228 2353 media
1258 2312 1717 2353 accommodatissima
1743 2320 1775 2364 a,
1803 2312 1966 2363 quibus

342 2381 389 2431 iet
418 2379 594 2430 negotia
623 2379 700 2418 illa
730 2379 886 2430 grauia
913 2379 1149 2418 admodum
1194 2391 1306 2442 quae
1350 2378 1493 2418 virum
1538 2378 1679 2418 hunc
1695 2374 1818 2440 pium
1857 2388 1966 2436 quo-

347 2444 582 2483 dammodo
620 2443 877 2491 dilacerant,
919 2455 1091 2493 queque
1129 2443 1224 2483 eius
1259 2446 1364 2483 sunt
1407 2443 1596 2495 generis,
1630 2445 1689 2490 vt,
1720 2437 1830 2482 citra
1867 2453 1967 2481 con-

409 2616 427 2634 a
448 2607 529 2639 Del.
555 2616 597 2639 eo
620 2607 725 2639 modo
742 2607 801 2647 (ἲ).

410 2763 419 2779 ¹
444 2760 485 2792 In
509 2759 617 2792 catal.
642 2759 722 2791 coll.
747 2758 963 2791 viennensis
986 2759 1122 2790 mensis
1146 2759 1314 2799 Octobris
1338 2759 1493 2807 1561,111
1521 2734 1841 2807 6111111.111111111115ι
1877 2757 1966 2789 anni

349 2814 428 2845 1560>
451 2814 487 2845 et
510 2813 548 2844 in
571 2813 679 2844 catal.
704 2811 842 2844 mensis
865 2812 953 2843 maii
979 2812 1057 2843 1563
1080 2801 1270 2844 invenitur
1292 2812 1439 2844 Gabriel
1463 2798 1654 2849 Hartman,
1671 2808 1743 2852 qui
1766 2819 1864 2847 anno
1884 2810 1968 2855 1565

348 2867 404 2898 est
427 2866 465 2898 in
489 2866 642 2906 collegio
675 2865 848 2906 pragensi
882 2864 983 2905 (Cod.
1018 2864 1144 2896 Gffletm
1171 2864 1251 2899 131
1274 2864 1309 2897 fl.
1335 2865 1406 2903 241,
1431 2865 1503 2897 6>68
1516 2873 1555 2904 v;
1587 2864 1743 2908 Bohem.
1767 2864 1827 2899 89
1852 2863 1875 2896 f.
1901 2863 1963 2903 12).

348 2919 505 2950 Exstant
528 2918 639 2950 etiam
662 2917 743 2950 eius
767 2926 943 2959 responsa
965 2917 1011 2948 ad
1035 2917 1344 2960 interrogationes
1367 2917 1487 2951 Patris
1510 2901 1831 2964 Nada1.[11„334].
1865 2949 1867 2951 .

410 2974 422 2991 2
445 2972 481 3004 P.
506 2971 671 3004 Victoria
694 2971 734 3003 in
757 2970 987 3011 Hungariam
1001 2963 1056 3002 ad
1079 2970 1260 3011 synodum
1286 2970 1558 3011 tyrnaviensem
1576 2954 1760 3011 profectus
1783 2970 1850 3001 est.
1875 2968 1966 3001 Vide

349 3025 516 3057 inferius.
