2099 3516
409 256 479 290 358
879 256 1084 293 LITTERAE
1118 258 1462 303 QUADRIMESTRES
1481 283 1485 285 -

364 372 577 412 iuuenum
607 373 865 413 Societatem
897 374 1197 425 ingressorum
1227 376 1396 415 delectu
1425 383 1439 400 ³¹
1464 379 1609 427 auget,
1641 379 1684 416 et
1711 379 1851 417 ornat.
1893 378 1979 417 Ma-

363 437 480 476 xima
511 449 597 477 nos
621 450 806 488 semper,
829 441 996 489 quanto
1025 439 1097 479 hic
1126 440 1208 480 fuit
1238 443 1445 490 tempore,
1468 441 1631 480 amoris
1656 441 1979 491 significatione

363 500 569 551 priuatim
601 505 643 541 et
672 503 846 552 publice
889 505 953 542 est
996 507 1269 554 prosecutus.
1302 505 1355 544 Et
1384 517 1438 544 ne
1467 505 1550 544 hoc
1591 505 1769 544 silentio
1812 509 1979 556 praete-

363 577 496 613 ream,
528 578 625 605 cum
658 567 780 607 Rssnus
810 570 959 606 noster
987 568 1345 619 archiepiscopus
1374 570 1429 608 ad
1467 581 1592 608 suam
1622 569 1979 609 Dominationem

363 630 451 668 duo
484 630 678 680 plaustra
708 632 800 670 vini
831 632 1039 677 misisset.
1073 645 1171 672 mox
1214 633 1351 672 altero
1382 634 1523 673 voluit
1565 646 1646 673 nos
1684 636 1726 673 et
1754 646 1910 673 ornare
1939 637 1979 674 et

364 697 558 734 nostram
589 696 785 747 inopiam
815 697 976 736 leuare.
1011 698 1251 748 Pauperem
1281 710 1455 749 quoque
1498 699 1614 749 apud
1659 710 1739 737 nos
1771 698 1981 738 alit-ado-

362 759 612 807 lescentem,
645 773 775 811 quem
804 762 925 812 cupit
954 762 1215 802 Germaniae
1244 775 1339 802 esse
1368 763 1584 811 subsidio,
1615 764 1730 814 quod
1762 775 1859 802 eum
1895 763 1980 802 foe-

363 823 493 862 licius
535 824 848 873 praestiturum
892 826 1129 874 existimat,
1161 827 1197 865 si
1228 826 1459 866 Societatis
1498 827 1702 866 instituto
1736 838 1831 866 sese
1859 827 1980 866 addi—

363 888 488 935 xerit,
521 888 567 926 in
610 900 743 938 quam
791 890 994 936 maxime,
1027 891 1064 930 si
1108 891 1237 930 nobis
1281 891 1402 930 vtilis
1446 892 1590 937 fuerit,
1623 891 1743 942 cupit
1792 891 1977 941 ingredj.

364 952 499 991 Multa
529 956 633 992 sunt
662 954 838 1004 quidem
869 957 911 994 et
941 956 1163 1006 praeclara
1208 956 1342 995 huius
1381 956 1463 994 viri
1495 959 1779 995 monumenta
1808 958 1850 995 et
1879 956 1981 995 faci-

363 1028 471 1055 nora
513 1018 700 1068 egregia,
732 1030 844 1068 quae
886 1031 1013 1070 spero
1055 1020 1188 1070 longo
1231 1023 1425 1070 tempore
1462 1020 1673 1070 suspiciet
1701 1022 1791 1059 tota
1822 1020 1838 1045 ¹³
1877 1019 1980 1060 Ger-

364 1092 525 1120 mania.

443 1146 505 1185 10.
538 1146 722 1198 Scripsit
751 1150 1055 1199 superioribus
1083 1150 1213 1189 etiam
1245 1150 1402 1189 diebus
1421 1150 1655 1200 episcopus
1686 1150 1980 1198 numburgen-

364 1211 426 1250 sis
455 1214 463 1235 1
498 1212 552 1250 ad
584 1213 634 1252 R.
665 1214 708 1253 P.
740 1216 950 1253 rectorem
993 1215 1037 1253 id
1067 1215 1150 1253 sibi
1182 1215 1348 1265 gratiae
1377 1227 1403 1253 a
1433 1215 1596 1253 nostris
1642 1214 1822 1253 concedi
1856 1225 1980 1263 expe-

363 1278 475 1320 tens,
508 1279 553 1316 vt
582 1278 882 1318 adolescentes
911 1291 1023 1330 quos
1052 1291 1159 1318 suae
1188 1280 1428 1318 destinabit
1456 1279 1680 1321 ecclesiae.
1714 1279 1900 1318 velimus
1935 1278 1981 1316 in

363 1342 699 1382 contubernium
733 1346 771 1382 et
802 1344 1078 1383 conuictores
1107 1344 1348 1384 admittere.
1379 1344 1456 1383 Vir
1484 1346 1629 1382 autem
1664 1345 1785 1382 tanta
1828 1343 1981 1382 huma-

364 1406 500 1445 nitate
532 1408 770 1457 praeditus.
803 1411 842 1447 et
874 1421 963 1447 non
1007 1409 1215 1447 mediocri
1259 1409 1506 1448 eruditione
1549 1411 1746 1455 ornatus.
1780 1410 1823 1447 vt
1854 1407 1981 1446 facile

364 1471 418 1509 ab
447 1483 498 1509 eo
528 1472 656 1511 nobis
685 1473 919 1524 collegium
952 1474 1251 1524 polliceamur.

444 1536 504 1576 11.
537 1537 706 1587 Prodijt
735 1538 806 1576 liis
835 1539 992 1577 diebus
1021 1539 1199 1589 quidam
1231 1539 1410 1578 libellus
1441 1538 1688 1577 haereticus
1731 1537 1981 1588 germanico

364 1600 572 1640 idiomate
602 1603 792 1652 scriptus
821 1605 850 1646 ²,
883 1603 958 1654 qui
989 1615 1039 1642 eo
1070 1604 1242 1642 videtur
1271 1603 1518 1650 institutus,
1556 1605 1600 1642 vt
1647 1602 1878 1642 Societatis
1922 1603 1978 1640 fa-

364 1677 479 1704 mam
512 1667 822 1716 proscinderet,
854 1680 1038 1718 eamque
1068 1668 1113 1706 in
1143 1668 1294 1706 odium
1324 1668 1441 1718 apud
1472 1667 1633 1717 vulgus
1662 1667 1879 1711 traheret;
1917 1678 1982 1705 ve-

365 1742 460 1769 rum
491 1732 595 1770 dum
626 1744 713 1771 rem
747 1733 1051 1783 expendimus.
1081 1733 1179 1782 plus
1210 1732 1356 1771 laudis
1384 1735 1426 1771 et
1455 1732 1621 1783 gloriae
1651 1732 1780 1770 nobis
1811 1731 1978 1774 tribuit,

364 1807 496 1845 quam
542 1797 730 1836 velimus
771 1809 1022 1848 agnoscere.
1057 1797 1145 1836 Nos
1187 1797 1363 1842 etenim„
1395 1799 1436 1836 et
1465 1797 1741 1836 colonienses
1777 1796 1978 1837 maxime.

364 1861 572 1900 ecclesiae
603 1873 809 1900 romanae
839 1862 1040 1901 columen
1073 1864 1213 1904 vocat.
1245 1873 1413 1912 nosque
1443 1873 1538 1900 esse
1570 1861 1790 1911 praedicat
1828 1860 1982 1899 autho—

365 1937 447 1968 res,
470 1926 585 1975 quod
612 1927 823 1976 papistica
845 1927 988 1966 adhuc
1012 1927 1165 1977 religio
1196 1927 1240 1965 in
1271 1927 1376 1965 orbe
1404 1926 1635 1965 cohaereat
1656 1938 1703 1964 ac
1726 1925 1978 1964 retineatur.

472 1991 586 2029 Hae(-
617 1994 736 2034 sunt,
762 1991 855 2030 ΒΨ
889 1992 932 2030 in
965 1991 1139 2031 Christo
1170 1992 1257 2032 Pr..
1289 2002 1474 2041 quorum
1508 1990 1555 2029 T.
1585 1990 1635 2029 R.
1669 1990 1981 2029 Paternitatem

363 2056 585 2095 consciam
616 2068 710 2095 esse
754 2056 990 2095 voluimus.
1025 2057 1289 2095 praecamur
1331 2058 1477 2094 autem
1519 2055 1680 2094 obnixe
1722 2054 1905 2105 singuli,
1939 2055 1981 2092 vt

363 2132 462 2159 cum
496 2122 636 2160 fructu
670 2121 857 2171 vberiorj
890 2121 935 2159 in
966 2121 1095 2159 vinea
1126 2120 1300 2170 Dominj
1337 2119 1502 2159 versari
1534 2119 1770 2169 possimus,
1813 2120 1981 2157 vestrae

364 2185 582 2235 imprimis
613 2186 659 2225 P.
693 2186 753 2224 ita
783 2186 911 2224 etiam
947 2186 1129 2224 fratrum
1160 2198 1209 2224 ac
1240 2185 1416 2224 Patrun]
1452 2185 1653 2234 precibus
1684 2187 1724 2223 et
1753 2183 1981 2233 sacrificijs

365 2249 583 2289 iuueniur.
616 2250 825 2289 Coloniae
858 2251 972 2297 1561,
1003 2251 1029 2288 4
1055 2250 1176 2299 Junij
1200 2273 1249 2277 —
1270 2250 1317 2290 T.
1350 2250 1399 2288 R.
1434 2250 1481 2288 P.
1513 2249 1632 2288 filius
1663 2249 1887 2299 indignus

1389 2374 1615 2413 HENRicus
1645 2372 1871 2412 SOMALlus
1898 2373 1925 2411 ³.

470 2452 763 2490 Desideratum·
796 2453 1045 2501 inscriptio.

426 2660 441 2678 a
464 2651 624 2683 Emend.
649 2660 696 2683 eJ·
719 2651 889 2683 delectat.
915 2670 953 2673 —
979 2651 995 2677 b
1016 2652 1094 2683 tota
1117 2660 1240 2691 supra
1269 2659 1366 2682 vers.

427 2814 436 2832 ¹
461 2812 578 2843 Iulius
602 2811 718 2852 Pssug,
743 2819 816 2852 quo
839 2811 996 2849 mortuo,
1021 2818 1119 2841 anno
1150 2809 1241 2847 1564,
1276 2808 1436 2840 cessavit
1470 2808 1531 2839 ille
1564 2807 1813 2847 episcopatus.
1848 2806 1978 2852 Eussnp.

451 2866 470 2889 ο)

365 2865 438 2937 HL2
451 2866 522 2949 1ζὲ
535 2917 603 2949 hoc
626 2917 750 2949 libello
772 2916 856 2948 vide
872 2916 925 2947 sis
941 2924 1036 2956 quae
1059 2915 1245 2947 habentur
1267 2914 1364 2955 apud
1388 2914 1550 2952 Hamsnu,
1575 2913 1597 2945 l.
1622 2922 1652 2945 c.
1678 2914 1716 2945 n⁰
1737 2913 1798 2944 268
1819 2913 1870 2954 (p.
1893 2913 1978 2952 391),

364 2972 400 3003 et
423 2971 729 3007 BRAUNSBERGER‚
754 2969 777 3001 l.
802 2978 832 3001 c.
858 2968 919 3007 ΙΙΙ,
944 2968 1016 3000 813.

427 3026 439 3043 ³
461 3023 553 3056 Vide
579 3022 670 3054 Litt.
701 3021 920 3061 Quudrim..
944 3021 987 3059 V,
1014 3021 1083 3057 141,
1109 3021 1235 3052 annot.
1262 3021 1290 3052 1.
