2099 3516
596 307 746 342 5011-
776 306 958 341 NEAPom
990 306 1031 341 16
1058 306 1227 341 APmms
1259 305 1344 340 1561
1676 305 1741 340 197

162 428 383 477 namenta.
429 425 491 463 De
523 425 706 475 reliquis
735 426 882 464 autem
913 424 967 463 ad
998 423 1365 463 sustentationem
1413 423 1674 472 necessariis
1700 425 1786 461 tani

161 489 336 529 abunde
366 489 495 529 nobis
527 490 728 540 prouidet
757 489 975 528 Dominus
1005 500 1081 539 per
1110 488 1246 539 hujus
1279 488 1397 527 vrbis
1428 487 1611 533 incolas,
1645 489 1703 526 vt.
1731 487 1789 525 vi-

161 557 289 603 gente
319 566 408 593 non
439 555 610 594 modica
654 554 782 605 panis
811 566 862 593 ac
890 553 1038 593 carnis
1081 553 1248 603 inopia,
1280 564 1362 592 nos
1392 564 1444 591 ex
1476 552 1651 591 residuo
1682 564 1789 590 non-

160 619 308 658 nullas
353 631 595 670 pauperum
630 631 756 660 casas
800 618 982 670 (collata
1025 619 1189 657 secrete
1232 618 1527 668 eleemosyna)
1573 618 1788 655 sustente-

161 695 273 723 mus.
307 684 387 723 Det
417 684 508 723 illis
537 684 747 723 omnihus
779 684 895 723 Deus
926 695 1004 734 pro
1034 683 1220 722 terrenis
1249 683 1471 729 coelestia,
1503 684 1545 721 et
1576 693 1652 732 pro
1683 683 1788 720 tem-

160 749 388 798 poralibus
431 749 714 799 sempiterna.
765 748 964 799 Denique
1008 749 1195 787 testatur
1243 747 1355 786 illud
1404 747 1517 786 idem
1568 746 1789 785 maximus

159 813 409 863 principum
446 813 581 863 liujus
611 814 784 853 insulae
815 815 957 859 fauor,
992 812 1204 863 proregis,
1240 812 1458 854 videlicet.
1491 811 1629 850 totius
1664 811 1787 861 regni

159 878 416 920 visitatoris,
449 879 585 918 huius
606 879 850 918 turritanae
882 878 1138 929 prouinciae
1160 877 1486 928 gubernatoris,
1510 876 1789 926 aliorumque

157 943 400 989 nobilium;
432 943 509 994 qui
539 955 694 982 omnes
724 955 933 994 magnum
965 943 1170 982 deferunt
1200 944 1376 981 nostrae
1405 941 1612 981 Societati
1650 941 1789 980 liono-

158 1020 263 1049 rem.
295 1011 427 1059 atque
456 1009 754 1051 autoritatem,
786 1011 963 1047 nostros
993 1020 1122 1058 saepe
1154 1008 1199 1047 in
1229 1007 1382 1046 arduis
1412 1007 1602 1058 negotijs
1640 1008 1682 1045 et
1711 1006 1790 1045 ali-

156 1073 285 1123 cujus
315 1074 524 1113 momenti
555 1075 851 1113 consulentes.
904 1074 1091 1113 Maxime
1121 1076 1269 1113 tamen
1299 1072 1369 1111 his
1399 1073 1556 1111 diebus
1599 1071 1789 1111 illustris

158 1150 327 1188 prorex.
362 1151 439 1190 pro
478 1139 757 1178 reformando
802 1139 938 1188 hujus
981 1139 1179 1178 ciuitatis
1223 1138 1514 1183 xenodochio,
1556 1137 1789 1176 Societatis

156 1215 280 1253 opem
327 1204 571 1247 inuocauit.
617 1216 756 1255 eaque
799 1204 1043 1255 aliquando
1088 1215 1212 1247 usus,
1245 1215 1476 1254 speramus
1521 1203 1615 1246 (Dei
1646 1202 1788 1253 gratia

157 1270 348 1317 fauente)
381 1269 638 1309 huiusmodi
672 1270 913 1318 negotium,
947 1281 1047 1308 eum
1078 1269 1226 1311 finem,
1249 1269 1324 1319 qui
1350 1269 1491 1319 magis
1512 1268 1564 1307 ad
1597 1268 1675 1307 Dei
1698 1267 1788 1315 ,qlo-

157 1333 265 1372 riam
296 1336 476 1385 spectet,
513 1336 908 1385 consequuturum.
958 1334 1175 1385 Dignetur
1207 1334 1305 1384 pius
1335 1336 1377 1373 et
1408 1333 1658 1372 misericors
1701 1333 1788 1371 Do-

155 1399 304 1438 minus
333 1411 441 1439 suae
470 1400 638 1451 gratiae
669 1411 750 1438 nos
782 1400 1018 1450 participes
1049 1402 1204 1440 facere.
1229 1402 1450 1450 quatenus
1471 1399 1523 1438 de
1545 1398 1675 1437 nobis
1695 1398 1788 1448 opi-

154 1464 279 1503 nioni
322 1467 558 1515 conceptae
604 1465 867 1515 respondere
913 1465 1164 1507 valeamus:
1212 1465 1344 1515 idque
1388 1464 1580 1503 facilime
1623 1463 1785 1511 (credo)

153 1530 361 1569 concedet
392 1530 794 1569 misericordiarum
832 1530 958 1569 Pater
987 1530 1219 1580 sacrificijs
1249 1542 1299 1568 ac
1332 1529 1534 1580 precibus
1568 1529 1616 1568 T.
1651 1529 1701 1567 R.
1738 1528 1783 1567 P.

155 1606 326 1635 necnon
356 1598 395 1634 et
426 1595 791 1635 charissimorum
824 1596 1001 1635 Patrum
1035 1607 1085 1635 ac
1116 1596 1315 1635 fratrum.
1348 1607 1535 1646 quorum
1573 1594 1787 1645 suffragio

153 1660 322 1711 indiget
351 1661 591 1700 admodum
622 1673 788 1700 nouum
820 1661 901 1700 hoc
932 1661 1232 1710 collegiolum,
1276 1661 1591 1711 humiliterque
1628 1660 1787 1710 implo-

154 1727 232 1764 rat.
263 1725 384 1765 Vale.
418 1725 636 1765 Turribus
667 1728 677 1748 ¹
710 1725 942 1765 Sardiniae
977 1727 1021 1764 17
1053 1726 1168 1764 Kall.
1203 1725 1304 1775 Maij
1340 1726 1456 1766 1501.

259 1790 320 1829 Ex
350 1790 616 1829 comissione
648 1790 735 1830 ΒΑΗ
760 1790 856 1830 Psi*
881 1791 1033 1842 Magri.
1071 1791 1202 1829 Pines
1236 1791 1446 1830 Rectoris.
1485 1815 1528 1818 —
1560 1791 1606 1830 T.
1648 1791 1695 1830 R.
1739 1791 1782 1830 Ρ.

154 1855 366 1895 minimus
395 1858 435 1894 et
468 1855 642 1895 inutilis
672 1868 830 1895 seruus
862 1857 907 1895 in
938 1856 1051 1896 Dno.

1078 1939 1352 1978 FRAxciscrs
1385 1941 1617 1979 Ax'roxms
1647 1940 1677 1978 2.

257 2033 586 2082 Quadriniestre
616 2034 669 2073 de
699 2034 895 2073 (terdena
927 2034 978 2072 de
1012 2035 1059 2072 15>
1089 2035 1141 2073 de
1173 2034 1297 2073 Abril
1336 2035 1446 2073 1501.

908 2247 1022 2296 500

576 2387 629 2436 Ρ.
678 2387 972 2437 EMERIUS
1036 2388 1124 2438 DE
1163 2389 1354 2439 BONIS

662 2513 837 2538 NEAPOLI
870 2504 910 2537 16
938 2514 1098 2539 APRlLlS
1131 2504 1211 2539 1561
1244 2495 1269 2539 ³³.

148 2609 200 2646 P.
239 2610 466 2648 Emerinm
497 2611 546 2648 (Ie
589 2611 729 2649 Bonis
772 2612 1011 2650 Lan-ellum
1055 2613 1347 2651 contionandi
1390 2626 1528 2652 causa
1576 2616 1780 2659 missum,

255 2675 399 2724 aliqui
429 2677 543 2713 cit-es
574 2689 599 2714 (ι
629 2677 909 2715 contionibus
939 2678 1152 2716 habendis
1179 2679 1409 2728 prohibere
1441 2680 1605 2726 rolmzt,
1638 2680 1782 2717 alsium

253 2741 604 2779 continuatorem
635 2741 927 2781 obtendentes.
962 2742 1050 2781 Suo
1084 2744 1228 2782 tamen
1265 2757 1447 2782 mvmzere
1476 2745 1784 2794 femgfe'tvrper

209 2883 217 2898 ¹
243 2880 410 2914 Sassari:
436 2891 532 2922 quae
557 2882 644 2913 urbs
669 2883 795 2923 aliquo
821 2884 926 2915 modo
951 2883 1132 2915 Turribus
1157 2885 1350 2917 successit.

210 2936 221 2952 ²
244 2933 337 2965 Vide
362 2934 456 2966 Lirr‘.
487 2935 692 2974 Quaclrim.
719 2936 779 2973 VI,
804 2937 876 2969 214.

209 2990 220 3005 ³
243 2987 396 3028 Autogr.
422 2988 460 3019 in
485 2988 563 3020 cod.
590 2988 679 3020 Ital.
706 2989 788 3023 117.
814 2989 848 3022 ff.
877 2990 1024 3025 189-187.
1060 2991 1165 3031 prius
1182 2991 1330 3023 232-237.
1357 2991 1543 3023 Summani
1569 2992 1683 3023 huius
1707 2993 1782 3033 epi-

146 3041 266 3072 stulae
289 3041 389 3072 dedit
416 3041 597 3074 Polaneus
635 3043 673 3074 in
713 3043 849 3075 litteris
888 3044 947 3075 die
970 3045 1007 3075 :21
1034 3044 1120 3076 Maii
1146 3045 1223 3077 1561
1248 3045 1294 3077 ad
1319 3045 1531 3077 universam
1556 3045 1777 3078 Societatem

145 3093 210 3134 (Cf.
236 3094 402 3125 Polanci
443 3096 599 3136 Compl..
626 3095 651 3134 Ι,
677 3096 843 3133 ani-277).
869 3098 903 3129 et
943 3096 1151 3129 Sacchinus
1176 3097 1396 3137 (Historiae
1434 3100 1517 3131 Soc.
1547 3099 1646 3132 Iesu.
1673 3109 1707 3139 p.
1734 3099 1778 3137 ΙΙ,
