2099 3516
458 276 537 311 588.
565 293 607 299 —
635 275 817 311 Comum
842 273 888 308 026
915 272 1157 308 Novnmssals
1185 272 1273 307 1561
1576 271 1643 306 591

67 397 257 448 primum
287 395 333 434 in
363 394 625 435 Societatem
656 393 863 444 ingressi.
896 390 1143 442 proficiant,
1175 393 1217 430 et
1245 390 1301 429 ad
1330 389 1401 429 sui
1432 389 1575 440 ipsius
1606 389 1694 428 uic—

65 462 224 502 toriam
254 460 459 512 gnauiter
500 460 784 505 contendant,
825 458 934 497 adeo
980 458 1023 495 ut
1069 455 1236 506 singuli
1282 467 1359 505 pro
1403 454 1569 505 gratiae
1607 454 1693 493 sibi

67 526 302 578 praestitae
345 525 526 564 modulo
569 525 623 563 ad
669 523 979 575 perfectionem
1020 521 1294 560 adnitantur.
1339 519 1420 558 Hic
1459 519 1573 558 nihil
1612 520 1692 566 est,

65 592 184 644 quod
213 591 266 630 de
298 591 348 630 R.
385 590 428 629 P.
463 589 585 628 Doct.
619 588 860 628 Hermanni
896 585 1130 626 nouesiani
1162 585 1310 631 fratre,
1343 584 1419 635 qui
1451 595 1569 623 nunc
1599 584 1696 622 rbe-

66 657 230 697 toricae
260 656 420 701 studet,
453 655 691 705 quicquam
724 655 916 704 repetam
948 654 975 690 ².
1014 651 1129 690 lllud
1169 651 1341 689 tantum
1382 649 1557 696 addam,
1599 648 1696 699 ipso

68 722 139 761 die
167 721 298 761 diuae
320 719 584 760 Catharinae
602 719 644 757 in
670 718 902 759 Societatis
923 717 1153 756 alumnum
1176 716 1429 765 cooptatum
1451 725 1560 753 esse.
1585 713 1695 753 Sunt

67 787 198 827 etiam
230 786 396 837 plures,
433 784 510 835 qui
550 785 603 823 ad
644 784 686 823 id
729 795 888 834 magno
927 781 1076 821 studio
1115 779 1404 826 contendunt,
1446 779 1696 829 ingressum

67 853 342 903 expetentes:
388 849 465 889 sed
509 849 611 888 licet
654 849 718 888 eis
750 860 836 887 non
868 848 1123 897 denegetur,
1166 846 1431 896 prorogatur
1459 846 1607 884 tamen
1638 844 1698 883 in—

69 928 263 968 gressus,
295 915 455 966 partim
497 916 544 954 ut,
582 926 732 953 eorum
779 912 916 952 animi
960 911 1261 962 explorentur,
1296 909 1457 960 partim
1488 909 1620 948 etiam
1651 911 1700 949 ut

69 981 124 1021 ad
168 981 384 1021 feruorem
429 981 471 1018 et
509 979 793 1023 desiderium,
838 989 927 1028 quo
956 978 1177 1021 tenentur,
1223 975 1300 1014 fiat
1345 975 1484 1014 maior
1523 974 1700 1025 pietatis

70 1046 288 1093 accessio;
320 1047 362 1085 et
395 1047 443 1084 ut
487 1044 680 1095 ingenue
724 1044 876 1089 fatear,
922 1042 1007 1082 loci
1051 1041 1182 1080 etiam
1214 1040 1449 1092 angustiae
1493 1039 1700 1090 pluribus

70 1113 320 1163 ingressum
352 1122 512 1161 negare
543 1120 724 1160 prorsus
755 1108 977 1148 uidentur.

123 1178 162 1217 3.
194 1176 411 1216 Existimo
441 1175 490 1215 T.
524 1175 574 1213 R.
610 1175 656 1213 P.
691 1185 928 1212 memorem
958 1173 1104 1212 adhuc
1133 1183 1229 1211 esse
1259 1171 1555 1211 illustrissimi
1578 1170 1702 1210 illius

71 1242 212 1290 ducis,
245 1240 374 1280 cuius
403 1239 711 1290 superioribus
740 1238 881 1277 literis
921 1238 976 1276 ad
1007 1237 1057 1277 V.
1092 1237 1139 1276 P.
1173 1236 1459 1275 memineram
1489 1236 1519 1274 2'.
1553 1235 1590 1274 A
1621 1246 1704 1274 sua

71 1306 336 1347 celsitudine
366 1307 468 1344 ante
508 1304 693 1343 biduum
732 1303 900 1353 accepit.
943 1302 1094 1341 literas
1133 1302 1184 1341 R.
1220 1301 1264 1342 P.
1296 1300 1449 1340 doctor
1484 1300 1703 1340 Henricus

74 1371 333 1423 Dionysius,
365 1371 421 1410 ad
451 1381 562 1421 quas
592 1369 815 1420 propriam
848 1379 1029 1407 manum
1060 1367 1322 1407 admouerat
1341 1366 1431 1406 dux
1452 1365 1702 1405 illustrissi-

75 1448 191 1484 mus,
223 1436 387 1487 quibus
417 1435 545 1474 illum
576 1434 631 1473 ad
652 1433 904 1484 erigendam
930 1432 1075 1480 fidem,
1099 1432 1184 1471 iam
1209 1431 1406 1482 grauiter
1426 1430 1702 1475 inclinatam,

73 1503 231 1542 euocat
260 1512 421 1552 magna
452 1500 517 1539 illi
552 1499 789 1550 pollicens3
822 1498 925 1537 licet
955 1497 1069 1536 nihil
1090 1497 1208 1548 quod
1229 1498 1453 1536 terrenum
1476 1495 1535 1535 sit
1554 1506 1705 1546 expec-

74 1570 232 1613 temus,
264 1578 363 1606 cum
396 1566 515 1605 Deus
544 1565 601 1604 sit
632 1565 679 1603 in
699 1564 834 1604 caelis
855 1563 1032 1602 abunde
1053 1573 1322 1613 repensurus
1345 1561 1383 1600 si
1409 1561 1516 1612 quid
1547 1572 1705 1612 operae

74 1633 120 1672 in
149 1631 390 1672 excolenda
419 1631 552 1670 uinea
572 1642 684 1681 quae
705 1642 729 1669 a
753 1629 919 1680 uiperis
939 1627 1192 1675 demolitur,
1219 1626 1556 1666 contulerimus.
1581 1625 1706 1665 Eius-

74 1698 172 1738 dem
202 1696 496 1737 illustrissimi
521 1695 733 1746 principis
753 1696 915 1740 orator,
938 1693 1013 1744 qui
1036 1692 1273 1743 legationis
1305 1703 1467 1731 munus
1496 1690 1708 1731 Coloniae

76 1762 290 1803 foeliciter
332 1761 490 1805 obluit,
536 1761 592 1799 ad
637 1760 683 1800 R.
731 1760 777 1799 P.
812 1759 934 1798 Doct.
970 1757 1210 1797 Henricum
1255 1756 1521 1807 Dionysium
1557 1756 1708 1795 literas

76 1840 252 1879 quoque
281 1827 416 1875 dedit,
448 1826 614 1878 quibus
646 1825 859 1877 principis
889 1824 1085 1863 animum
1119 1823 1180 1862 ita
1210 1823 1416 1862 affectum
1457 1834 1553 1862 esse
1583 1821 1706 1869 dicit,

77 1896 125 1933 ut
156 1892 344 1932 maxime
374 1892 524 1943 cupiat
553 1891 730 1930 scholas
760 1890 884 1941 erigi,
917 1889 964 1928 in
994 1889 1159 1939 quibus
1180 1888 1393 1928 iuuentus
1414 1900 1439 1927 a
1460 1887 1591 1927 nobis
1611 1899 1708 1927 eru-

77 1959 239 1998 diatur.
272 1958 344 1998 Sic
374 1958 523 2008 itaque
553 1967 783 2007 speramus
813 1954 1068 2005 propediem
1098 1953 1300 2005 aurigam
1340 1952 1600 2000 affuturum,
1632 1952 1709 2004 qui

77 2024 182 2064 hinc
212 2023 419 2064 uidelicet
448 2023 503 2062 ad
534 2021 778 2073 principem
817 2020 943 2059 illum
987 2020 1044 2059 sit
1075 2019 1359 2059 aduecturus.
1406 2018 1458 2058 Et
1500 2018 1710 2070 quemad-

79 2089 259 2129 modum
289 2089 420 2128 nobis
450 2087 758 2127 renunciatum
802 2088 882 2128 est.
927 2087 971 2124 et
1016 2097 1083 2124 me
1126 2084 1359 2135 scripsisse
1403 2083 1710 2135 superioribus

78 2154 219 2194 literis
248 2154 422 2205 opinor.
454 2153 649 2204 populus
679 2154 745 2191 est
766 2151 901 2191 durae
922 2150 1124 2197 ceruicis,
1149 2153 1191 2190 et
1213 2150 1412 2189 moribus
1434 2149 1544 2188 forte
1565 2160 1711 2200 agres-

79 2219 178 2260 tior.
209 2218 353 2269 Quare
382 2218 588 2270 cupimus
617 2217 859 2268 plurimum
889 2228 1015 2256 suam
1050 2216 1133 2256 R.¹11
1157 2215 1246 2256 Τέω
1279 2214 1395 2254 R.d³<³
1425 2213 1518 2254 Pstis
1534 2226 1584 2253 ac
1605 2213 1713 2253 alio-

80 2297 178 2325 rum
209 2285 413 2336 precibus
443 2286 574 2335 atque
604 2282 835 2334 sacrificiis
865 2293 961 2321 esse
983 2293 1117 2332 quam
1138 2280 1639 2327 commendatissimam,
1664 2281 1713 2319 ut

80 2361 133 2390 ex
162 2350 244 2389 hac
274 2349 544 2401 profectione
574 2348 760 2399 gloriam
783 2346 988 2388 Christus
1012 2347 1288 2394 immensam,
1312 2348 1354 2385 et.
1375 2345 1565 2385 salutem
1586 2345 1713 2384 uber·

81 2415 237 2455 rimam
270 2415 462 2466 populus
492 2413 721 2464 suscipiat,
753 2424 883 2464 quem
923 2412 1058 2452 simul
1096 2423 1329 2463 precamur
1372 2413 1420 2451 ut
1449 2410 1553 2450 T.am
1578 2410 1628 2449 R.
1663 2409 1709 2450 P.

81 2481 158 2521 diu
188 2483 334 2521 seruet
376 2480 660 2520 incolumem.
693 2478 743 2518 N.
777 2477 893 2518 RQ*
935 2479 1002 2517 P.¹·
1028 2478 1285 2517 Leonardus
1315 2478 1345 2524 ³,
1377 2476 1454 2528 qui
1496 2476 1582 2515 iam
1624 2486 1713 2514 me-

83 2546 272 2586 liuscule
302 2546 421 2586 ualet
466 2545 677 2596 (grauiter
719 2545 837 2583 enim
867 2546 997 2584 antea
1027 2543 1266 2591 laborauit)
1298 2544 1470 2594 praeter
1506 2541 1712 2588 salutem,

146 2744 156 2761 ¹
180 2742 232 2774 De
261 2742 369 2774 Petro
402 2741 582 2782 Thyrae0‚
608 2740 810 2772 Hermanni
844 2739 1004 2780 Thyraei
1039 2739 1164 2779 fratre,
1191 2739 1319 2780 aliqua
1341 2738 1487 2770 dixerat
1524 2737 1655 2769 auctor
1676 2736 1716 2768 in

84 2795 246 2837 epistula
268 2795 329 2828 die
350 2795 387 2827 31
414 2794 582 2827 Octobris
606 2794 704 2831 data,
729 2802 841 2834 quam
864 2793 948 2825 vide
972 2793 1025 2824 sis
1042 2793 1140 2834 apud
1167 2792 1331 2831 HANSEN,
1356 2791 1379 2824 l.
1397 2800 1427 2823 c.
1444 2787 1517 2823 408.
1543 2790 1594 2822 De
1617 2790 1718 2821 utro-

84 2857 157 2890 que
179 2848 347 2890 Thyraeo
371 2848 515 2880 consuli
547 2847 668 2889 potest
701 2846 991 2879 SOMMERVOGEL:
1017 2845 1319 2886 Bibliogyraphie
1343 2844 1388 2876 de
1413 2844 1453 2876 la
1481 2842 1717 2884 Compaqnie

86 2901 131 2933 de
154 2900 282 2937 Jesu&
309 2911 337 2934 s.
363 2910 396 2933 v.
423 2901 475 2932 Ex
492 2900 561 2932 hac
585 2899 747 2941 epistula
771 2899 929 2931 solvitur
952 2899 1107 2931 dubium
1131 2898 1229 2940 quod
1243 2899 1299 2930 est
1315 2897 1414 2938 apud
1431 2896 1715 2935 SOMMERVOGEL‚

87 2955 131 2987 de
155 2964 253 2987 anno
276 2964 350 2996 quo
374 2955 503 2987 Petrus
526 2954 718 2994 Thyraeus
742 2952 963 2985 Societatem
988 2952 1182 2994 ingressus
1205 2953 1274 2984 est.

149 3010 162 3028 Β
186 3007 228 3040 111
251 3008 414 3049 epistula
436 3008 496 3040 die
519 3008 556 3039 31
582 3006 751 3039 Octobris
774 3005 873 3045 data,
899 3005 943 3037 de
965 3014 1041 3047 qua
1065 3005 1104 3037 in
1127 3006 1255 3037 annot.
1281 3004 1482 3045 superiore.

150 3063 164 3081 ³
185 3061 223 3094 P.
250 3061 463 3094 Leonardus
488 3060 627 3093 Kessel.
