2099 3516
534 249 616 285 518.
642 269 686 275 -—
714 248 957 284 VlNDOBONA
986 247 1003 282 1
1032 246 1131 282 MA11
1158 245 1241 281 1561
1583 244 1653 280 0279

72 370 156 410 viri
204 369 484 410 decorarunt.
536 366 873 407 Illustrissimus
919 364 1037 404 enim
1067 372 1084 391 a
1120 362 1362 403 cardinalis
1396 361 1577 409 Hosius,
1622 361 1699 413 qui

71 447 124 475 eo
152 434 171 461 b
207 436 402 485 tempore
445 432 574 473 Pont.
623 431 737 471 Max.
769 430 824 470 ad
867 429 1098 470 Caesarem
1144 428 1318 479 legatus
1355 428 1449 466 erat
1486 426 1698 472 Viennae,

71 500 269 540 solemne
298 498 345 538 in
375 499 527 537 nostra
555 496 662 536 aede
690 495 853 535 missae
881 493 1147 534 sacrificium
1177 491 1433 539 celebrauit,
1456 492 1580 530 tanto
1600 502 1701 530 cum

71 566 303 616 apparatu,
334 564 503 614 quanto
533 572 762 612 nunquam
793 559 840 599 in
869 559 953 599 hoc
982 558 1146 609 templo
1175 560 1277 597 ante
1307 568 1376 596 res
1405 556 1560 596 diuina
1590 555 1701 594 forte

71 630 248 679 peracta
264 629 347 667 est.
365 627 529 666 Aderat
548 628 591 666 et
612 624 801 665 Reue.dis
819 624 869 665 D.
888 623 1138 674 Delphinus
1158 622 1355 662 eiusdem
1377 632 1553 672 quoque
1571 620 1698 659 Pont.

70 693 266 744 legatus;
291 694 385 732 tum
408 690 538 732 Redis
559 689 934 740 Archiepiscopus
953 686 1266 739 strigoniensis
1288 688 1316 734 1,
1334 687 1559 736 praeterea
1581 685 1702 724 vien-

72 758 225 798 nensis
253 759 268 782 2
298 759 340 797 et
369 755 681 796 matrusiensis
709 756 724 778 ³
757 753 969 805 episcopi,
1014 764 1189 792 necnon
1231 751 1442 791 dominus
1484 749 1701 789 Martinus

72 821 322 869 Cromerus,
358 821 473 873 regis
502 820 715 860 Poloniae
743 820 906 866 orator,
938 817 1104 868 aliique
1142 816 1351 856 nonnulli
1381 815 1549 867 primae
1578 813 1703 854 nohi-

72 887 213 927 litatis
255 886 360 934 viri3
405 885 483 937 qui
525 897 680 925 omnes
709 883 828 935 apud
870 894 967 931 nos,
1004 883 1188 922 Rectore
1231 883 1384 921 nostro
1414 883 1428 904 4
1467 880 1559 919 illis
1601 891 1702 918 cum

72 951 267 992 maxima
295 951 496 991 omnium
526 950 804 990 edificatione
824 947 1110 993 inseruiente,
1132 946 1285 986 eodem
1310 945 1382 985 die
1402 944 1553 996 pransi
1583 945 1702 984 sunt.

73 1017 156 1057 His
185 1017 376 1057 multum
397 1015 641 1066 voluptatis
674 1014 920 1054 attulerunt
939 1012 1260 1064 epigrammata
1289 1022 1446 1063 graeca
1474 1012 1517 1050 et
1546 1009 1701 1056 latina,

73 1082 165 1133 tonj
189 1081 430 1129 haebraici,
453 1082 585 1132 atque
614 1080 756 1120 oratio
776 1079 830 1118 de
867 1077 1063 1118 nominis
1084 1078 1184 1117 Iesu
1206 1076 1416 1116 laudibus
1446 1087 1469 1114 a
1502 1074 1668 1114 nostris
1688 1082 1703 1100 ὓ

73 1159 96 1187 e
125 1149 339 1198 suggestu
360 1145 668 1197 pronunciata.
691 1143 934 1183 Prandium
954 1142 1222 1183 clementiss.
1240 1140 1521 1192 imperatoris
1536 1139 1702 1179 nostri⁵

72 1212 247 1252 decreto
276 1213 320 1251 et
348 1210 562 1262 impensis
591 1211 853 1261 apparatum
883 1208 981 1248 fuit.
1014 1207 1212 1248 Sublatis
1241 1207 1330 1246 iam
1360 1205 1542 1255 mensis,
1574 1216 1704 1256 quae-

74 1277 186 1317 ritur
214 1288 238 1317 e
268 1276 492 1328 primarijs
535 1275 627 1315 illis
671 1275 794 1322 viris,
826 1285 939 1325 quos
981 1272 1089 1320 dixi,
1122 1284 1226 1312 num
1270 1271 1466 1311 relaxare
1495 1269 1704 1310 nonnihil

72 1342 263 1390 animos,
307 1341 474 1381 chartis
527 1340 685 1392 partim
730 1339 874 1390 pictis,
920 1338 1075 1390 partim
1122 1337 1238 1377 albis
1287 1336 1439 1377 velint.
1485 1335 1706 1375 Astabant

74 1406 204 1447 multi
246 1418 300 1446 ex
342 1406 521 1446 illorum
566 1405 804 1456 primatum
852 1403 1022 1443 familia
1064 1402 1247 1442 arrectis
1289 1401 1475 1441 auribus
1514 1399 1702 1447 nobiles,

74 1483 324 1523 magnoque
355 1471 535 1511 videndi
564 1471 713 1511 lusum
744 1469 883 1509 istum
912 1467 1133 1508 desiderio
1163 1467 1441 1507 tenebantur.
1496 1465 1707 1505 Adfertur

74 1537 253 1577 tandem
282 1537 434 1584 lusus;
466 1539 569 1584 tres,
601 1535 800 1586 inquam,
833 1534 1096 1573 adferuntur
1124 1535 1337 1572 stanneae
1366 1531 1580 1570 honestae
1610 1541 1705 1569 scu-

74 1602 204 1642 tellae
233 1603 276 1641 et
305 1613 464 1648 nouae,
496 1601 539 1641 in
573 1612 761 1652 quarum
790 1611 879 1638 vna
921 1610 1090 1645 eorum,
1121 1597 1199 1649 qui
1242 1597 1418 1637 fuerant
1460 1607 1511 1635 eo
1540 1594 1611 1634 die
1641 1594 1706 1633 in-

74 1666 220 1715 uitati,
253 1666 300 1706 in
329 1667 467 1706 altera
497 1668 752 1705 sanctorum
782 1663 1064 1716 quorundam
1104 1662 1288 1702 nomina
1323 1661 1626 1707 habebantur,
1659 1658 1706 1698 in

74 1731 204 1772 tertia
251 1732 429 1771 demum
472 1731 666 1778 chartae,
717 1729 876 1781 partim
933 1729 1076 1776 albae,
1126 1727 1285 1779 partim
1335 1726 1493 1777 pictae,
1539 1725 1584 1764 id
1640 1726 1707 1763 est

75 1797 280 1848 scriptae,
325 1797 373 1836 in
415 1796 580 1848 quihus
623 1795 696 1847 pia
738 1806 871 1846 opera
900 1805 1014 1845 quae
1056 1792 1246 1845 quisque
1288 1792 1337 1831 in
1377 1789 1706 1830 venerationem

76 1862 201 1902 illius
244 1862 402 1909 sancti,
438 1873 569 1912 quem
613 1863 730 1900 sorte
773 1859 931 1899 fuisset
972 1861 1014 1898 et
1061 1857 1204 1910 gratia
1233 1857 1551 1907 consequutus,
1583 1854 1707 1894 obire

75 1927 277 1975 debebat,
309 1926 666 1967 continebantur.
700 1926 935 1965 Ponuntur
976 1925 1096 1975 leges
1129 1923 1257 1962 lusus
1290 1921 1364 1973 pio
1394 1921 1555 1961 affectu
1583 1931 1708 1959 exco—

76 1992 256 2044 gitatae,
288 1992 454 2044 quibus
498 1991 684 2031 recreari
715 1990 798 2030 viri
829 1990 896 2029 illi
939 1989 1051 2029 tanti
1104 1989 1289 2028 honeste
1323 1988 1550 2038 poterant3
1595 1996 1708 2036 quas

76 2057 200 2110 leges
232 2058 498 2109 promittunt
526 2068 681 2096 omnes
710 2068 756 2096 se
785 2055 1116 2095 obseruaturos.
1149 2053 1234 2093 Vbi
1264 2064 1368 2092 vero
1402 2050 1571 2102 singuli
1601 2049 1709 2101 quid

76 2123 299 2174 agendum
330 2123 416 2163 sibi
446 2124 561 2162 esset
589 2134 643 2161 ex
671 2121 838 2161 chartis
882 2120 974 2159 illis
1012 2119 1142 2170 pictis
1173 2117 1513 2164 intellexissent,
1546 2115 1607 2155 ita
1637 2115 1708 2166 pie

78 2189 218 2240 (dictu
248 2200 355 2228 sane
398 2188 575 2239 mirum)
607 2187 788 2227 fuerunt
829 2185 990 2233 affecti,
1025 2187 1067 2224 vt
1097 2186 1266 2236 quanto
1294 2182 1484 2234 quisque
1514 2181 1583 2220 vel
1617 2192 1706 2220 cre-

77 2253 247 2293 briores
275 2253 568 2293 eleemosinas
598 2251 870 2303 pauperihus
889 2261 1085 2301 erogare.
1118 2249 1187 2288 vel
1216 2247 1446 2299 grauiores
1476 2245 1710 2285 mortifica-

78 2318 222 2358 tiones
251 2330 466 2366 exercere,
500 2317 567 2357 vel
597 2316 844 2368 asperiores
882 2314 1179 2366 poenitentias
1208 2313 1359 2353 subire
1388 2311 1407 2338 d
1439 2312 1707 2356 moneretur,

78 2385 203 2424 tanto
232 2384 426 2435 amplius
456 2383 502 2422 in
531 2383 643 2423 Dno.
674 2381 866 2434 gaudere
896 2381 1138 2427 videretur;
1185 2379 1300 2418 vnde
1343 2377 1508 2417 factum
1552 2378 1632 2423 est,
1664 2377 1710 2414 vt

132 2569 151 2587 a
183 2560 283 2593 enim
305 2569 433 2601 supra
465 2568 566 2592 vers.
593 2578 631 2581 —
655 2558 674 2585 b
705 2567 747 2591 eo
771 2567 898 2599 supra
931 2566 1046 2593 vers„
1072 2556 1192 2589 deleto
1226 2564 1291 2597 pro
1318 2554 1379 2596 (51²).
1413 2573 1451 2576 —
1487 2561 1501 2579 c
1536 2552 1617 2585 Del.
1652 2552 1708 2584 de.

79 2633 118 2637 —-
141 2614 161 2642 d
192 2614 319 2647 subire
341 2623 469 2656 supra
491 2622 593 2646 vers.

143 2777 154 2795 ¹
175 2775 352 2808 Nicolaus
375 2774 528 2807 Olahus.

142 2831 155 2848 2
177 2828 365 2861 Antonius
388 2828 483 2860 Brus
506 2827 551 2859 de
574 2827 738 2868 Muglitz.

143 2884 156 2902 ³
180 2882 383 2923 Dionysius
406 2881 536 2922 Pioppi
560 2880 600 2912 Ο.
626 2880 664 2913 Ρ.
689 2880 829 2912 electus
852 2879 909 2911 est
931 2878 991 2911 die
1015 2878 1053 2909 17
1076 2877 1163 2909 Iulii
1188 2877 1269 2909 1560
1290 2875 1486 2917 episcopus
1513 2873 1618 2906 urbis
1641 2872 1713 2905 Mo-

81 2936 204 2976 druss,
230 2936 270 2968 in
293 2935 455 2968 Croatia.
479 2934 532 2967 Cf.
557 2934 695 2966 EUBEL:
720 2933 1006 2966 Hier-archia...
1031 2931 1094 2971 III,
1118 2931 1191 2963 264.

144 2991 156 3009 ⁴
178 2989 216 3022 P.
241 2989 399 3021 Ioannes
422 2988 467 3021 de
489 2987 667 3021 Victoria.

145 3045 158 3063 ⁸
180 3042 450 3075 Ferdinandus.
632 3050 634 3052 ’
