2099 3516
319 246 388 282 502
409 253 469 282 1³18.
497 267 540 271 —
568 245 764 281 REGULAE
791 244 1159 280 SCHOLAS'HCORUM
1186 242 1497 277 TREVJRENsmm
1611 242 1680 277 ⁹207

102 366 313 405 hortetur.
347 363 557 404 Omnium
588 364 803 403 librorum
833 362 998 413 quibus
1028 361 1158 400 initio
1188 360 1437 399 studiorum
1473 360 1727 410 egebamus.

100 429 412 470 liberalissime
441 429 614 479 copiam
645 428 775 467 nobis
805 428 1016 466 fecerunt.
1061 426 1138 477 [De
1169 427 1468 465 benevolentia
1499 438 1551 464 coc
1585 428 1729 464 sacris

101 499 149 535 in
193 497 392 535 aliorum
435 496 612 545 templis
651 495 859 544 peractis,
904 495 943 531 et
988 493 1037 531 dc
1073 492 1267 530 aedibus.
1322 492 1425 530 Vide
1470 503 1571 540 pay.
1621 490 1726 541 167}

100 560 297 599 Treuiris
317 571 369 598 ex
390 559 578 609 collegio
609 557 842 598 Societatis
870 557 922 595 026
951 556 1119 607 Aprilis
1149 567 1267 594 anno
1300 555 1415 594 1561.
1441 555 1502 593 Ex
1523 555 1729 594 commis-

99 624 224 664 sione
255 624 398 663 Patris
430 623 641 663 Hectoris.

1015 693 1275 731 BAanxns
1308 702 1364 730 AB
1395 691 1579 730 ANGELO
1611 693 1618 714 ¹

205 785 500 823 Desideratsnr
528 784 779 833 inscriptio.

205 850 311 888 Alia
342 862 478 887 maure«
512 851 559 887 in
590 861 734 897 marg.
769 846 944 886 Treuer.
974 846 1026 885 <26
1056 845 1224 896 Aprilis
1257 846 1372 884 1561.

820 1092 932 1142 502
950 1088 1007 1116 ¹³³⁵

99 1253 427 1305 REGULAE
470 1252 1101 1303 SCHOLASTICORUM
1152 1250 1666 1301 TREVIRENSIUM
1697 1246 1728 1301 ².

179 1423 214 1462 1.
249 1422 316 1461 Ad
349 1422 512 1461 bonum
544 1421 847 1460 studiosorum
878 1422 920 1459 et
948 1419 1267 1460 Vniuersitatis
1297 1421 1463 1458 statum
1514 1418 1730 1469 pertinere

98 1488 272 1527 videtur
302 1489 348 1526 vt
376 1487 565 1538 quilibet
594 1485 825 1525 studiosus
855 1485 1067 1525 lectiones
1116 1486 1395 1535 frequentare
1428 1484 1595 1531 volens,
1632 1495 1731 1522 exa—

98 1552 204 1603 minj
237 1552 487 1592 studiorum
519 1551 699 1602 prefecti
729 1562 776 1590 se
805 1550 1030 1601 subijciat,
1063 1550 1118 1589 ab
1150 1561 1290 1600 eoque
1312 1549 1497 1589 inscribi
1520 1549 1728 1599 postulet,

100 1629 149 1657 ex
179 1617 308 1657 cuius
337 1617 522 1656 arbitrio
552 1628 627 1655 eas
656 1616 807 1655 audiet
837 1615 1066 1663 lectiones,
1099 1627 1212 1666 quae
1246 1615 1284 1654 ei
1315 1614 1612 1665 praescriptae
1643 1614 1732 1653 sue-

98 1683 201 1729 rint,
233 1694 284 1721 ac
312 1681 606 1721 habitationis
649 1681 830 1720 domum
875 1680 1153 1727 indicabunt,
1198 1679 1330 1719 etiam
1362 1679 1541 1730 quando
1584 1691 1636 1718 ex
1667 1678 1731 1717 eis

97 1748 153 1787 ad
183 1747 295 1787 alias
335 1747 604 1798 migrabunt.

176 1813 214 1853 2.
248 1813 550 1853 Determinato
580 1825 604 1851 a
636 1814 888 1862 preceptore
919 1813 1114 1861 tempore
1145 1811 1373 1849 Rectorem
1414 1809 1731 1849 Vniuersitatis

97 1879 348 1924 conueniet,
397 1880 438 1917 et
469 1878 524 1917 ab
564 1890 615 1917 eo
647 1877 906 1916 matriculae
949 1876 1212 1918 ascribatur.
1260 1888 1348 1926 quo
1388 1874 1647 1926 preuilegijs
1690 1876 1731 1913 et

97 1944 393 1995 prerogatiuis
423 1943 614 1994 gaudere
646 1942 799 1993 possit.

176 2010 214 2049 3.
249 2009 416 2049 Diebus
445 2008 638 2060 singulis
670 2008 832 2047 missae
861 2007 1078 2047 sacrificio
1110 2007 1331 2053 intersint,
1364 2018 1414 2045 ac
1444 2006 1613 2045 feriatis
1643 2005 1732 2044 (lie—

98 2075 181 2114 bus
211 2086 359 2114 sacras
389 2074 626 2113 conciones
656 2074 702 2112 in
733 2073 927 2112 Ecclesia
957 2075 1000 2111 et
1028 2072 1369 2123 explicationem
1415 2071 1645 2122 Euangelij
1686 2071 1731 2109 in

97 2140 264 2179 scholis
293 2140 491 2183 audient.
523 2141 564 2178 et
596 2139 765 2190 reliqua
797 2137 974 2188 pietatis
1004 2140 1045 2177 et
1075 2137 1306 2188 religionis
1326 2137 1596 2176 christianae
1613 2148 1733 2175 exer—

97 2205 199 2245 citia
231 2217 312 2244 suo
342 2207 538 2255 tempore
567 2204 891 2254 adimplebunt.

176 2272 214 2310 4.
248 2270 379 2310 Nulla
410 2271 674 2317 iuramenta.
708 2281 787 2309 nec
817 2269 1022 2315 iniurias,
1072 2274 1149 2308 aut
1183 2269 1302 2308 rixas
1351 2269 1419 2308 vel
1454 2268 1561 2319 quid
1606 2268 1732 2307 inho—

98 2339 270 2376 nestum
303 2339 379 2376 aut
409 2336 677 2375 dissolutum
710 2335 756 2374 in
786 2335 953 2374 scholis
982 2336 1025 2374 et
1054 2337 1176 2373 extra
1206 2334 1384 2374 scholas
1413 2334 1692 2373 exercebunt.

162 2505 169 2521 ¹
195 2503 288 2535 Vide
317 2512 351 2544 p.
380 2503 449 2540 167,
475 2502 603 2534 annot.
630 2503 658 2533 1.

159 2558 171 2576 2
194 2556 246 2588 Ex
270 2565 395 2597 apogr.
421 2564 555 2587 coaevo
590 2555 628 2586 in
653 2554 731 2587 cod.
761 2554 890 2586 Germ.
916 2554 1000 2592 142,
1026 2554 1049 2586 f.
1086 2554 1167 2589 253:
1194 2554 1298 2595 prius
1324 2554 1383 2586 196
1416 2553 1545 2595 (18221)
1580 2553 1655 2584 Has
1680 2562 1732 2585 re-

98 2610 206 2651 gulas
243 2609 432 2650 significat
456 2608 493 2641 P.
518 2608 638 2641 Vinck
663 2608 702 2639 in
736 2608 845 2649 epist.
871 2608 930 2639 «lie
968 2608 1007 2639 27
1037 2607 1176 2648 Aprilis
1215 2608 1291 2639 1561
1324 2607 1423 2646 data,
1460 2616 1543 2638 cum
1567 2606 1658 2637 dicit
1693 2615 1731 2637 se

97 2663 245 2695 illarum
283 2661 539 2704 apographum
572 2662 726 2693 Romam
764 2662 923 2693 mittere.
950 2661 1103 2692 Easdem
1141 2661 1369 2701 elegantiore
1403 2660 1490 2692 stilo
1524 2659 1625 2691 effert
1649 2658 1732 2691 Sac-

97 2716 233 2748 chinus
256 2715 423 2757 (Hi-ator.
450 2715 533 2747 Soc.
558 2714 665 2749 Jesn.
692 2716 787 2756 part.
813 2714 857 2747 II.
884 2714 906 2746 l.
933 2714 974 2748 V.
1001 2723 1036 2746 n.
1064 2714 1148 2752 173),
1174 2723 1217 2745 ex
1256 2723 1330 2755 quo
1362 2723 1425 2745 eas
1457 2714 1651 2744 mutuatus
1675 2713 1732 2744 est

97 2770 331 2811 Reiffenberg
354 2768 519 2810 (Hister.
544 2768 628 2801 Soc.
653 2768 749 2801 Jcszc
786 2768 841 2800 ad
881 2768 1059 2799 Rhenum
1099 2767 1343 2808 inferiorem,
1373 2767 1436 2799 lib.
1462 2766 1521 2806 IV,
1547 2775 1625 2807 cap.
1652 2765 1730 2806 ΙΙΙ).

98 2823 168 2863 Qui
192 2824 317 2855 tamen
340 2823 511 2854 auctores
534 2821 727 2859 falluntur,
753 2822 841 2853 dum
879 2821 1049 2852 scribunt
1073 2820 1142 2852 has
1169 2820 1318 2862 regulas
1341 2820 1470 2852 affixas
1494 2828 1574 2851 esse
1598 2819 1637 2851 in
1660 2819 1732 2860 pri-

98 2886 157 2909 ma
194 2876 403 2908 studiorum
438 2876 726 2914 instauratione,
751 2884 834 2907 cum
871 2884 916 2905 ex
954 2875 1090 2906 litteris
1120 2874 1458 2915 quadrimestribus
1483 2874 1519 2905 et
1542 2883 1587 2905 ex
1610 2873 1731 2904 Patris

96 2930 248 2963 Vinckii
271 2930 434 2971 epistula
457 2930 634 2970 appareat
658 2938 720 2961 eas
744 2929 784 2960 in
807 2928 925 2960 altera
949 2927 1092 2960 affixas
1119 2928 1268 2960 Iuvabit
1288 2937 1351 2960 eas
1375 2936 1459 2959 cum
1476 2926 1729 2968 praescriptis,

97 2991 194 3024 quae
217 2982 403 3014 habentur
440 2982 479 3013 in
521 2981 878 3013 Constitutionibns
916 2983 998 3012 Nnc.
1023 2980 1128 3019 Iesu,
1154 2982 1248 3021 part.
1274 2980 1334 3019 IV,
1360 2989 1440 3020 cap.
1466 2979 1505 3011 16
1527 2980 1563 3011 et
1587 2979 1625 3010 17
1648 2987 1732 3010 con-

97 3035 203 3068 ferre.
