2099 3516
535 245 616 282 518.
643 267 686 271 —
712 245 952 281 VINDOBONA
983 247 999 280 1
1028 244 1127 280 ΜΑΙῙ
1156 245 1244 281 1561
1587 245 1655 281 287

76 366 131 405 ad
160 367 490 405 sacrosanctum
520 365 676 405 matris
704 363 914 404 ecclesiae
944 363 1161 414 gremium
1205 363 1445 403 redierunt.
1479 363 1620 403 Taceo
1649 364 1702 403 de

75 430 291 470 studiosis
319 429 436 477 aliis,
467 430 544 481 qui
574 430 628 469 ad
659 441 741 469 nos
769 428 1055 475 confluentes,
1088 428 1143 467 ad
1174 428 1399 468 meliorem
1447 440 1493 467 se
1532 428 1703 479 frugem

76 497 347 546 receperunt.
382 495 611 534 Praeterea
640 506 730 534 non
761 493 889 544 pauci
919 493 1113 544 publicis
1142 495 1184 532 et
1213 493 1399 533 occultis
1427 493 1574 532 carnis
1608 504 1704 544 pec-

75 559 185 599 catis
215 558 464 598 mirandum
498 559 544 598 in
574 558 753 598 modum
783 557 1089 605 contaminati,
1123 557 1258 596 vitam
1288 557 1498 596 infamem
1534 557 1580 596 in
1609 569 1703 597 cas—

75 623 216 663 titatis
245 623 443 662 studium
473 624 814 663 commutarunt.
846 621 959 662 Sunt
987 622 1204 673 quaedam
1253 622 1299 661 in
1342 622 1425 661 hac
1470 622 1573 661 vrbe
1616 634 1705 661 ma-

75 690 228 728 tronae
258 688 401 728 diuini
432 689 580 728 cultus
609 687 888 738 percupidae,
921 699 971 726 ac
1000 687 1233 727 Societatis
1262 689 1440 726 nostrae
1470 687 1702 726 studiosis-

75 753 228 800 simae,
246 765 360 804 quae
380 753 599 804 singulari
620 752 809 804 quadam
834 752 1056 792 industria
1076 754 1167 791 tam
1185 752 1318 797 viros,
1337 764 1470 803 quam
1487 752 1705 792 foeminas

75 818 130 857 ad
159 818 455 857 confessionis
484 820 615 869 atque
653 817 948 857 eucharistiae
995 819 1272 856 sacramenta
1302 817 1464 868 pellere
1492 819 1706 856 aconten-

75 883 201 923 dunt.
252 882 477 932 Quaedam
525 895 623 922 cum
674 882 878 922 maritum
930 883 1125 928 haberet,
1175 882 1252 933 qui
1283 884 1324 921 et
1354 882 1438 932 ipsi
1469 884 1511 922 et
1540 882 1705 922 nostris

74 949 188 987 esset
219 947 552 993 infestissimus,
583 959 635 986 eo
664 947 791 986 illum
822 947 1008 986 adduxit
1038 947 1229 994 tandem,
1265 949 1308 986 vt
1338 947 1376 986 is
1422 947 1477 986 ad
1524 959 1607 986 nos
1637 958 1706 986 ve·

76 1012 204 1052 niens
232 1012 558 1052 confessionem
605 1012 864 1060 instituerit,
913 1024 964 1052 ac
1013 1012 1261 1063 promiserit
1308 1024 1354 1052 se
1388 1024 1487 1052 cum
1517 1012 1706 1063 coniuge

75 1078 282 1129 deinceps
313 1078 552 1129 tranquille
581 1090 631 1118 ac
660 1078 876 1117 catholice
909 1078 1140 1118 victurum.
1172 1078 1339 1125 Altera,
1371 1089 1471 1117 cum
1507 1078 1706 1128 petulan-

75 1145 161 1182 tem
191 1143 428 1194 quemdam
458 1143 745 1189 haereticum,
777 1155 799 1182 a
831 1155 919 1194 quo
951 1143 1156 1182 maximis
1189 1145 1363 1194 propter
1392 1155 1475 1182 nos
1494 1143 1706 1182 conuitiis

76 1208 456 1259 proscindebatur,
489 1219 568 1247 nec
596 1207 983 1247 exhortationibus
1014 1219 1092 1247 nec
1131 1208 1266 1247 minis
1296 1208 1351 1247 ad
1381 1208 1495 1247 idem
1528 1208 1706 1258 pietatis

74 1272 272 1312 studium
304 1273 554 1323 pertrahere
585 1273 672 1312 vlla
704 1273 875 1312 ratione
906 1274 1077 1323 posset,
1111 1273 1218 1312 vicit
1252 1273 1479 1312 hominem
1528 1273 1706 1312 tandem

75 1340 168 1377 tum
217 1337 447 1385 modestia,
496 1341 590 1377 tum
639 1338 867 1389 patientia.
922 1338 1018 1377 Fuit
1066 1350 1179 1389 quae
1209 1340 1252 1377 et
1280 1338 1468 1378 ancillas
1497 1350 1603 1378 suas
1650 1338 1706 1378 ad

74 1403 399 1443 confessionem
427 1405 470 1443 et
498 1403 705 1454 pietatem
754 1404 1006 1455 frequenter
1052 1416 1141 1443 non
1189 1404 1335 1443 solum
1382 1404 1704 1451 exhortaretur,

75 1468 151 1508 sed
180 1468 465 1508 comitaretur
493 1469 625 1508 etiam
656 1480 754 1508 cum
787 1481 948 1520 magna
995 1469 1183 1508 aliarum
1232 1471 1534 1509 matronarum
1570 1469 1708 1508 admi-

75 1533 260 1573 ratione.

155 1598 217 1637 12.
251 1598 333 1638 Hic
362 1599 703 1649 supersedemus
732 1611 965 1650 exponere,
997 1599 1117 1650 quod
1160 1610 1267 1639 sane
1297 1599 1481 1650 longum
1516 1601 1630 1639 esset
1669 1599 1703 1648 b,

73 1664 127 1703 de
157 1663 395 1714 praeclaris
425 1664 650 1704 variorum
681 1664 948 1716 principum,
980 1667 1022 1704 et
1052 1665 1243 1704 maxime
1286 1676 1516 1704 caesareae
1548 1665 1705 1705 maies-

74 1728 179 1767 tatis
208 1727 255 1766 in
298 1728 413 1767 hanc
444 1728 673 1768 minimam
720 1729 819 1768 Iesu
862 1728 1127 1769 Societatem
1170 1729 1332 1768 studiis
1371 1731 1413 1769 et
1451 1729 1705 1768 admirabili

75 1793 403 1840 beneuolentia,
448 1793 699 1841 clementia,
749 1794 1027 1835 liberalitate.
1071 1793 1361 1834 Commendat
1408 1794 1570 1835 Caesar
1607 1807 1704 1843 nos,

74 1858 401 1909 collegiumque
444 1860 646 1898 nostrum
676 1859 832 1899 sedulo
874 1859 1100 1910 primariis
1130 1859 1253 1907 viris,
1285 1860 1362 1911 qui
1392 1860 1446 1900 de
1475 1860 1606 1900 nobis
1636 1861 1707 1900 be-

74 1923 288 1963 nemereri
317 1930 333 1948 ⁰
368 1924 538 1971 volunt,
570 1926 613 1964 et
642 1927 843 1975 possunt.
876 1925 1063 1965 Multum
1094 1925 1309 1976 pecuniae
1338 1925 1527 1977 largitus
1555 1928 1622 1966 est
1651 1926 1706 1965 ad

74 2001 237 2029 nouam
281 1989 537 2029 scholarum
580 1990 809 2037 fabricam,
841 1992 884 2030 et
926 1991 982 2030 ad
1026 1990 1348 2031 instituendam
1391 1991 1554 2031 rectius
1584 1994 1707 2043 typo—

75 2054 335 2105 graphiam,
382 2067 501 2095 nunc
530 2055 600 2095 bis
643 2055 765 2095 mille
807 2055 999 2095 florenos
1042 2055 1088 2095 in
1117 2056 1292 2108 collegij
1333 2057 1706 2097 sustentationem

73 2120 303 2159 annuatim
335 2120 558 2171 dependit,
591 2121 726 2172 paulo
755 2123 869 2172 post,
902 2121 965 2160 vti
1011 2121 1228 2172 promisit,
1261 2122 1413 2162 firmos
1441 2122 1575 2163 etiam
1605 2134 1706 2174 pro-

75 2186 237 2224 uentus
265 2185 410 2225 addet.
444 2185 513 2225 Ad
541 2185 664 2232 haec,
696 2185 734 2225 si
766 2198 962 2238 vnquam
991 2187 1120 2233 alias,
1152 2187 1342 2227 libenter
1370 2189 1411 2227 et
1455 2187 1708 2239 frequenter

73 2249 199 2289 audit
241 2250 288 2290 P.
322 2250 551 2290 Rectorem
581 2251 634 2290 de
663 2251 949 2302 grauioribus
991 2252 1125 2292 etiam
1156 2252 1347 2303 negotiis
1376 2253 1703 2300 admonentem,

74 2326 218 2366 neque
259 2326 367 2354 sane
397 2315 576 2363 frustra,
608 2316 670 2355 vti
701 2312 784 2356 nos
827 2317 954 2356 docet
996 2317 1283 2368 experientia.
1317 2318 1518 2369 Rogatus
1547 2317 1708 2358 Caesar

74 2392 99 2419 a
129 2380 313 2420 Rectore
355 2392 412 2420 an
441 2381 617 2421 audiret
658 2382 876 2422 aduersus
920 2394 1003 2422 nos
1045 2383 1270 2434 ingratum
1314 2383 1513 2435 aliquid:
1558 2398 1578 2418 «
1608 2383 1706 2423 Non

73 2446 154 2492 est,
186 2444 347 2496 inquit,
380 2445 499 2497 quod
528 2446 720 2495 dubites,
753 2447 863 2498 quin
908 2459 1190 2488 moneremus
1220 2460 1314 2496 vos,
1346 2448 1384 2488 si
1415 2448 1523 2499 quid
1554 2449 1600 2488 in
1631 2461 1708 2488 uo-

75 2510 146 2550 bis
173 2512 216 2550 et
245 2510 479 2551 Societatis
511 2513 681 2551 vestrae
710 2513 1105 2554 exercitationibus
1144 2514 1554 2565 reprehendendum
1589 2515 1708 2554 vide-

75 2577 218 2624 retur;
250 2578 295 2615 at
337 2576 443 2627 quia
473 2588 566 2624 vos,
599 2576 760 2628 inquit,
793 2589 1011 2627 amamus,
1043 2591 1134 2619 non
1163 2579 1370 2620 iubemus
1403 2580 1597 2631 quidem,
1629 2580 1707 2620 sed

76 2642 225 2680 tamen
267 2643 480 2693 tanquam
510 2641 678 2681 amicos
721 2654 968 2692 monemus,
1001 2645 1047 2684 vt
1075 2644 1195 2696 quod
1223 2645 1281 2684 ad
1309 2645 1473 2684 famam
1519 2647 1708 2685 vestram

77 2706 281 2757 pertinet,
305 2707 368 2746 vti
397 2707 615 2747 hactenus
644 2708 827 2757 fecistis,
850 2709 1088 2761 diligenter
1116 2710 1413 2761 prospiciatis.
1443 2710 1548 2759 Nos,
1570 2711 1705 2759 enim,

77 2771 204 2811 nulla
246 2784 442 2824 vnquam
486 2772 659 2813 ratione
703 2773 831 2814 vobis
878 2774 1117 2824 deerimus,
1162 2775 1386 2827 vestrique
1427 2787 1579 2816 curam
1621 2776 1708 2816 cle-

77 2836 354 2877 mentissime
383 2849 615 2889 geremus3
648 2838 737 2879 imo
757 2851 849 2879 non
879 2840 1010 2880 modo
1040 2852 1110 2880 res
1131 2842 1315 2889 vestras,
1339 2853 1492 2882 verum
1517 2841 1708 2882 aliorum

139 2985 159 3005 a
174 2977 337 3012 Emend.
361 2987 410 3011 ew
431 2979 614 3020 pellicere,
639 2979 744 3021 quod
766 2982 899 3013 manet
920 2980 967 3012 in
987 2980 1033 3014 Β.
1057 3000 1098 3005 —-
1120 2981 1139 3009 b
1165 2982 1329 3015 Emend.
1346 2991 1394 3015 ea:
1415 2983 1483 3020 est,
1509 2982 1613 3024 quod
1627 2991 1709 3015 ma-

77 3031 143 3064 net
163 3030 209 3062 in
232 3030 277 3064 Β.
302 3050 343 3054 -
367 3040 383 3059 c
415 3031 667 3065 benemoereri
689 3032 737 3066 A.
