2099 3516
581 270 662 305 536.
694 291 730 295 —
761 269 943 306 COLONIA
969 268 992 303 4
1017 267 1122 304 lumi
1151 268 1236 303 1561
1608 270 1678 304 365

99 385 322 436 Septimus
365 387 541 426 demum
585 387 766 438 quidam
810 386 971 435 anglus
1000 388 1080 431 est,
1125 386 1331 425 sacerdos
1360 387 1402 424 et
1431 385 1590 425 artium
1634 398 1722 425 ma-

98 444 248 502 gister,
280 450 356 502 qui
386 463 433 490 se
465 453 640 502 propter
668 451 885 491 haeresim
914 451 958 489 in
991 450 1153 501 Anglia
1183 452 1459 499 grassantem
1490 450 1669 500 longius
1689 458 1722 493 Π,

97 517 140 555 θῖ
169 516 440 555 saeuientem
483 516 682 567 grauius,
715 517 759 555 in
791 516 872 554 has
913 518 1058 565 partes
1102 515 1331 565 importari
1375 515 1520 554 iussit.
1554 515 1632 554 Vir
1660 518 1725 554 est

98 591 179 619 sua
208 580 363 631 lingua
392 581 599 628 disertus,
632 581 677 620 in
711 581 993 632 philosophia
1024 581 1301 619 mediocriter
1345 583 1559 627 versatus,
1591 592 1722 631 quam

98 645 144 683 in
173 645 406 684 oxoniensi
437 646 662 708 academia
691 646 843 696 aliquo
873 648 1067 696 tempore
1098 645 1324 695 professus
1353 647 1433 691 est,
1456 648 1496 684 et
1520 645 1566 684 in
1587 645 1726 684 sacris

97 709 239 748 literis
267 710 484 761 quaedam
516 711 671 750 iecisse
701 711 832 750 initia
861 711 1036 750 videtur
1066 713 1094 750 1.

175 775 213 814 5.
247 775 392 814 Verno
423 778 617 826 tempore
647 776 771 815 missi
794 778 897 815 sunt
922 776 1133 826 plerique,
1157 776 1316 826 partim
1348 776 1392 815 in
1424 775 1723 818 Germaniam,

97 841 189 878 tum
221 841 508 890 superiorem,
541 844 631 880 tum
669 841 946 887 inferiorem;
980 842 1140 891 partim
1170 841 1300 880 etiam
1335 841 1381 879 in
1411 841 1587 880 Vrbem.
1621 840 1725 879 Tor-

98 915 256 944 nacum
285 905 464 956 quidem
507 918 618 945 Vnus
647 918 669 945 e
699 906 1019 952 sacerdotibus,
1061 908 1220 944 artium
1256 906 1465 956 magister
1494 906 1577 944 hoc
1607 917 1726 944 anno

96 968 293 1015 effectus,
325 970 381 1009 ad
410 971 713 1010 confessiones
742 971 989 1010 audiendas
1020 970 1183 1010 missus
1212 973 1275 1009 est
1306 972 1336 1015 2,
1368 971 1444 1021 qui
1476 982 1564 1009 non
1596 970 1726 1009 modo

95 1034 151 1072 ad
182 1033 224 1073 id
256 1034 433 1074 futurus
463 1038 527 1074 est
551 1036 686 1082 Vtilis,
710 1036 784 1075 sed
807 1036 939 1075 etiam
962 1036 1017 1074 ad
1048 1036 1187 1074 multa
1208 1035 1296 1074 alia
1319 1035 1552 1075 Societatis
1572 1035 1723 1083 offitia,

96 1099 150 1137 ad
181 1111 294 1149 quae
323 1099 448 1139 illum
482 1102 640 1139 natura
688 1112 953 1151 propensum
998 1100 1297 1147 aduertimus;
1330 1100 1418 1139 duo
1458 1100 1724 1142 Louanium,

98 1163 146 1203 R.
178 1164 248 1204 Pr.
282 1165 330 1204 D.
361 1164 571 1204 Nicolaus
592 1165 838 1205 Gaudunus
859 1177 955 1205 cum
982 1166 1114 1204 fratre
1137 1177 1222 1204 vno
1246 1165 1516 1204 valetudinis
1546 1176 1726 1203 seruan-

95 1229 177 1268 dae
197 1230 362 1280 gratia:
396 1229 612 1269 Treueros
634 1233 736 1273 tres,
761 1243 949 1281 quorum
977 1231 1065 1270 duo
1095 1232 1201 1270 sunt
1221 1231 1381 1270 artium
1406 1230 1621 1281 magistrj.
1646 1232 1727 1268 ter-

97 1294 186 1333 tius
210 1306 310 1334 vero
332 1295 503 1345 logicus
534 1297 571 1336 3;
598 1296 879 1334 Monachium
902 1296 1100 1346 quinque
1123 1295 1168 1334 in
1190 1296 1355 1346 quibus
1377 1307 1494 1334 unus
1525 1294 1542 1319 Ι)
1563 1294 1725 1333 artium

94 1362 187 1399 erat
233 1360 455 1410 magister,
496 1361 654 1412 reliqui
701 1361 1004 1400 adolescentes
1047 1364 1166 1404 sunl,
1200 1361 1542 1400 humanioribus
1586 1360 1727 1399 literis

95 1437 272 1475 operam
304 1426 467 1477 ‹laturj,
499 1426 574 1477 qui
619 1438 714 1465 eam
758 1427 814 1465 ob
859 1438 947 1465 rem
994 1439 1019 1465 a
1049 1427 1099 1466 R.
1134 1427 1226 1465 Pre.
1260 1426 1311 1465 D.
1345 1425 1620 1464 Theodorico
1650 1424 1727 1464 Ca-

97 1491 225 1541 nysio
268 1491 447 1531 fuerunt
490 1492 695 1542 expetiti;
741 1494 830 1531 tres
873 1492 1048 1531 demum
1097 1492 1141 1530 in
1187 1492 1347 1531 Vrbem
1386 1491 1565 1541 profecti
1597 1492 1723 1534 sunt;

97 1567 211 1594 vnus
242 1556 295 1595 M.
331 1557 487 1596 Petrus
517 1556 821 1597 Coloniensis:
846 1557 1084 1598 secundus.
1108 1557 1269 1605 anglus
1290 1556 1518 1601 sacerdos3
1553 1555 1724 1597 tertius.

95 1620 367 1662 adolescens,
392 1621 467 1672 qui
499 1622 687 1672 primum
714 1622 882 1672 logicae
902 1622 1089 1665 studuit,
1113 1622 1271 1660 deinde
1295 1622 1436 1660 factus
1457 1623 1519 1659 est
1551 1620 1727 1659 culinae

95 1685 357 1725 administer
386 1690 415 1726 ⁴.

174 1751 212 1790 6.
247 1752 297 1791 R.
335 1752 399 1792 Pr.
434 1753 621 1791 Ioannes
671 1752 870 1795 Rhetius,
918 1752 1057 1791 nostri
1102 1752 1277 1803 colleglj
1324 1754 1479 1791 rector.
1517 1751 1726 1790 adiuncto

95 1816 181 1855 sibi
212 1829 264 1855 ex
295 1818 506 1857 fratribus
528 1818 692 1857 nostris
712 1819 871 1857 comite
901 1820 941 1857 et
963 1818 1083 1857 socio
1107 1818 1379 1868 Moguntiam
1402 1819 1623 1868 profectus
1644 1818 1724 1857 est.

97 1881 301 1932 pluribus
344 1895 368 1921 a
407 1882 593 1922 Rf³i³⁵i¹¹¹0
634 1883 967 1934 archiepiscopo
1019 1883 1281 1934 moguntino
1316 1885 1329 1905 5
1368 1882 1509 1921 literis
1556 1882 1727 1921 excitus

158 2026 174 2044 a
196 2019 400 2051 Iret-atum.
426 2019 494 2051 sed
519 2019 591 2052 del.
618 2020 779 2061 longius,
805 2021 852 2051 et.
880 2039 917 2041 —
942 2020 959 2045 b
981 2029 1079 2051 unus
1103 2029 1227 2061 snpra
1264 2029 1365 2051 vers.

158 2145 168 2161 ¹
193 2143 243 2175 De
265 2153 339 2184 quo
373 2144 479 2184 plura
514 2144 645 2176 scribit
679 2144 716 2176 P.
741 2143 997 2176 Mercurianus
1031 2144 1070 2187 in
1093 2144 1256 2185 epistula
1290 2144 1349 2175 die
1385 2144 1423 2175 16
1453 2143 1592 2184 Aprilis
1626 2143 1724 2175 data.

95 2196 161 2237 (Cf.
185 2197 332 2229 Laine'z'
364 2197 538 2229 Monam.
565 2198 606 2235 V,
630 2199 775 2237 486-87),
811 2207 945 2230 nomen
969 2207 1055 2230 vero
1088 2198 1242 2229 omittit.
1280 2197 1432 2229 Romam
1466 2206 1550 2229 cum
1581 2196 1726 2228 duobus

95 2250 181 2282 aliis
205 2251 318 2282 sociis
341 2251 399 2291 (de
421 2251 560 2292 quibus
586 2251 695 2292 paulo
720 2251 892 2292 inferius)
926 2252 1080 2284 ineunte
1104 2251 1199 2283 Iulio
1223 2251 1391 2292 pervenit
1424 2250 1536 2291 (ibid.
1560 2251 1725 2286 flul-1502).

95 2304 136 2336 In
160 2304 238 2336 cod.
265 2304 372 2337 Rom.
400 2304 464 2336 781>
485 2306 534 2336 n0.
560 2305 595 2336 21
622 2306 744 2337 exstat
769 2305 962 2346 catalogus
996 2305 1181 2337 sociorum
1204 2304 1269 2346 qui
1295 2304 1333 2335 in
1362 2303 1496 2336 Urbem
1531 2305 1724 2337 venerunt.

95 2359 161 2389 aut
184 2367 228 2389 ex
262 2357 360 2390 Urbe
383 2358 457 2390 alio
492 2358 599 2390 missi
624 2359 712 2390 sunt
746 2359 890 2390 aestate
912 2359 949 2390 et
983 2359 1165 2390 autumno
1191 2358 1281 2390 1561.
1318 2357 1386 2389 Hic
1410 2357 1480 2389 sub
1510 2366 1664 2389 numero
1687 2358 1723 2388 021

94 2412 308 2443 recensetur
347 2411 413 2443 «Il
451 2411 506 2444 Re
530 2411 691 2444 Thomas
726 2411 870 2453 Inglese
904 2411 972 2444 che
1006 2420 1129 2443 nenne
1162 2411 1199 2443 di
1235 2410 1388 2443 Colonia
1412 2424 1441 2443 ».
1470 2410 1624 2442 Videtur
1646 2419 1727 2442 esse

95 2463 132 2496 P.
158 2464 318 2496 Thomas
354 2464 452 2506 King
485 2464 636 2505 (Kinge)
659 2464 703 2496 de
726 2474 800 2506 quo
834 2465 962 2506 agitur
985 2465 1023 2496 in
1057 2464 1182 2506 Epist.
1207 2464 1250 2495 P.
1276 2463 1423 2496 Nadal.
1461 2463 1504 2503 ΙΙ,
1529 2464 1665 2496 587·88;
1691 2465 1726 2495 et

95 2518 193 2559 apud
217 2517 337 2549 FOLEY
374 2518 561 2558 (Hecorcls
595 2518 639 2558 of
666 2519 727 2550 the
762 2518 931 2556 Enfslish
956 2518 1149 2550 Province
1184 2518 1228 2558 of
1256 2518 1317 2550 the
1340 2517 1493 2558 society
1519 2516 1724 2557 ofJesns).

95 2571 166 2604 vol.
191 2571 269 2611 VII,
295 2571 381 2604 Part
403 2571 467 2604 the
501 2571 581 2603 first
614 2572 793 2613 (London,
821 2573 914 2611 1882)
948 2581 1032 2613 pag.
1056 2572 1139 2608 419:
1165 2571 1251 2603 Part
1286 2571 1349 2604 the
1373 2571 1508 2604 second
1545 2571 1724 2611 (London.

97 2625 203 2665 1883),
236 2634 267 2666 p.
294 2625 441 2657 1437-38.

157 2679 169 2697 ²
192 2678 229 2711 Ρ.
255 2678 439 2710 Henrieus
462 2688 484 2710 a
508 2678 666 2718 Quercu.
692 2678 743 2711 Cf.
769 2679 933 2717 ΗΑΝεΕΝ,
959 2678 981 2710 l.
1007 2687 1038 2711 e.
1062 2678 1134 2717 396,
1160 2679 1288 2710 annot.
1316 2680 1343 2710 1.

157 2734 169 2751 ³
192 2731 301 2763 quta
324 2731 488 2771 Hansen,
513 2732 536 2764 l.
562 2741 597 2764 c:
617 2741 651 2773 p.
676 2733 747 2769 394.
773 2733 902 2765 annot.
919 2732 950 2767 ΕΞ,
970 2731 1019 2763 hi-
1032 2732 1183 2764 fuerunt
1207 2731 1252 2764 M.
1278 2732 1432 2764 Iodoeus
1456 2731 1570 2772 Septi,
1596 2731 1639 2763 M.
1666 2731 1728 2763 Pe-

95 2786 176 2817 trus
200 2784 355 2818 Michael
379 2787 415 2818 et
438 2785 547 2818 Iacob
571 2785 708 2818 Muntz.

157 2839 169 2858 ⁴
192 2838 341 2870 Praeter
356 2839 584 2871 sacerdotem
601 2839 765 2881 anglum,
784 2839 828 2871 de
844 2848 918 2880 quo
932 2848 1046 2880 supra
1062 2839 1101 2871 in
1118 2840 1245 2871 annot.
1260 2839 1280 2870 4
1291 2839 1468 2877 diximus
1484 2838 1727 2870 nominantur

96 2891 135 2923 in
157 2891 303 2923 Laz‘nic·
325 2890 513 2931 Menum„
538 2891 581 2931 V,
605 2892 756 2932 601-602,
782 2892 913 2924 Petrus
937 2891 1184 2930 emoniensis,
1209 2901 1275 2924 seu
1310 2891 1441 2923 Petrus
1465 2891 1665 2932 Hauptius‚
1690 2893 1725 2923 et

95 2944 225 2977 Petrus
248 2944 462 2983 leodiensis,
487 2954 598 2986 quem
621 2954 666 2977 ex
689 2944 749 2977 his
772 2954 869 2987 quae
892 2945 929 2977 P.
956 2945 1237 2986 Braunsberger
1259 2944 1320 2985 (B.
1346 2944 1390 2976 P.
1419 2944 1577 2976 Canisii
1598 2944 1724 2985 Epist.

97 2997 158 3037 ΙΙΙ,
181 2998 258 3039 358)
281 2998 441 3039 collegit,
466 2999 620 3039 apparet
642 3007 723 3031 esse
746 2998 784 3030 P.
809 2998 1063 3031 Bracherium.

159 3053 171 3070 ⁵
193 3051 324 3083 Daniel
347 3051 504 3084 Brendel
527 3052 572 3084 de
595 3051 799 3093 Homburg.
