2099 3516
451 269 531 306 588.
560 290 601 294 —
629 268 811 306 Comum
837 268 884 303 ⁹26
911 266 1152 303 Novemssms
1183 266 1268 302 1561
1559 265 1630 300 589

810 533 922 582 588

429 676 482 726 Ρ.
549 674 890 726 l-IENRICUS
962 672 1302 723 SOMALIUS

523 823 699 850 COLONIA
723 813 770 848 026
796 822 1028 848 Noveussms
1064 810 1151 846 1561
1184 811 1206 846 ¹.

48 939 86 974 1.
117 934 383 975 Studiorum
421 934 655 973 sollemnis
699 934 989 972 instauratio.
1034 932 1255 981 Dialogus
1298 931 1541 978 exhibetur,
1582 942 1678 969 car-

156 1002 282 1039 mina
306 999 556 1050 parietibus
586 999 868 1048 affiguntur,-
898 999 948 1036 (le
962 997 1270 1048 philosophiae
1299 996 1561 1034 eaecellentia
1590 995 1680 1034 dis-

149 1066 356 1116 putatur.
390 1064 665 1103 Munuscula
694 1064 972 1102 scholasticis
1002 1062 1355 1101 distribuimtur.
1395 1061 1564 1111 Viginti
1593 1061 1680 1099 duo

154 1131 410 1170 scholastici
453 1129 822 1168 baccalaureatus
868 1129 997 1167 titulo
1042 1128 1280 1166 ornantur.
1320 1127 1528 1165 Universi
1571 1130 1678 1176 qua-

155 1196 385 1246 dringenti
415 1195 605 1244 triginta
629 1195 880 1232 censentur.
907 1194 1203 1232 Scholasticae
1224 1192 1564 1232 cocercitationes
1580 1191 1680 1230 dili-

153 1262 308 1311 yenter
327 1261 455 1310 flunt.
482 1281 529 1286 —
551 1263 592 1298 2.
615 1258 733 1298 Socii
763 1261 963 1297 animose
990 1259 1047 1296 ad
1078 1259 1340 1308 religiosam
1366 1257 1681 1307 perfectionem

156 1326 445 1365 annituntur.
480 1324 722 1363 Candidati
753 1324 809 1362 ad
839 1318 1100 1362 Societatem
1130 1323 1375 1361 numerosi.
1400 1344 1449 1348 —-
1472 1321 1680 1360 3.Brun-

156 1392 372 1430 svicensis
416 1390 507 1428 dux
549 1390 603 1428 P.
650 1390 899 1428 Henricum
942 1389 1214 1438 Dionysium
1261 1388 1319 1427 ad
1349 1400 1393 1426 se
1423 1387 1600 1434 invitat,
1631 1387 1681 1425 ut

157 1456 386 1495 catholicis
415 1467 677 1494 succurrere
705 1455 861 1505 possit.

132 1582 166 1621 1.
197 1582 226 1631 -1-
255 1579 364 1620 IHS.
399 1579 489 1619 Pax
519 1578 698 1618 Christi.
733 1577 826 1618 Rfle
856 1578 901 1616 in
933 1577 1108 1617 Christo
1140 1577 1282 1616 Pater.
1325 1575 1433 1616 Cum
1474 1575 1547 1615 hic
1582 1587 1681 1627 pro-

49 1646 285 1698 pemodum
317 1645 482 1684 mensis
511 1643 744 1690 effluxerit,
790 1643 1013 1693 simulque
1052 1644 1321 1692 oportunum
1367 1641 1484 1680 nacti
1526 1652 1682 1680 sumus

52 1711 284 1758 nuncium,
330 1709 407 1761 qui
451 1709 496 1748 in
540 1708 824 1749 Germaniam
868 1707 1138 1758 superiorem
1186 1706 1494 1757 proficiscitur,
1545 1706 1681 1745 huius

50 1776 216 1816 mensis
246 1775 440 1815 breuiter
470 1785 657 1825 pensum
687 1773 908 1819 exoluam,
942 1775 988 1812 ut
1009 1772 1288 1811 obedientiae
1317 1773 1496 1810 sanctae
1517 1771 1683 1810 obtem-

49 1852 266 1892 peremus.
299 1839 439 1880 Nonis
468 1838 734 1878 Nouembris
763 1838 911 1877 studia
942 1837 1311 1883 instaurauimus,
1344 1848 1394 1876 ac
1424 1848 1474 1875 eo
1504 1836 1575 1875 die
1598 1835 1681 1886 pri-

50 1918 186 1954 mum,
220 1905 440 1945 matutino
462 1907 672 1955 tempore,
695 1915 867 1943 sacrum
894 1915 1054 1952 magno
1075 1914 1176 1942 cum
1198 1902 1361 1953 gaudio
1382 1904 1425 1941 et
1444 1900 1682 1941 deuotione

49 1972 265 2012 iuuenum
296 1971 479 2010 mirifice
508 1970 765 2010 cecinimus.
800 1970 903 2008 Post
936 1981 1052 2016 vero,
1086 1968 1195 2007 hora
1225 1968 1270 2006 02²¹
1306 1967 1610 2018 pomeridiana
1636 1966 1682 2006 in

49 2037 216 2077 scholis
246 2036 412 2076 nostris
444 2036 647 2087 (quarum
693 2034 927 2086 angustiae
971 2034 1215 2084 permultos
1253 2033 1552 2082 excluserunt)
1593 2032 1682 2071 duo

49 2102 351 2142 adolescentes
379 2101 570 2141 studiosi
600 2100 843 2151 dialogum,
875 2111 1007 2150 quem
1028 2111 1079 2138 ex
1100 2098 1257 2138 classis
1287 2097 1482 2148 poeticae
1511 2097 1683 2136 audito-

49 2167 174 2207 ribus
203 2179 322 2207 unus
354 2167 677 2217 composuerat,
709 2164 1037 2211 exhibuerunt,
1072 2163 1230 2214 reliqui
1262 2175 1368 2202 uero
1400 2162 1587 2213 parietes
1608 2174 1684 2201 ua-

49 2232 130 2284 rijS
157 2232 406 2272 carminum
436 2231 674 2283 generibus
703 2231 993 2277 obtexerunt3
1036 2241 1149 2280 quae
1189 2240 1256 2268 res
1295 2229 1403 2267 adeo
1442 2227 1684 2267 commouit

48 2298 239 2338 aliorum
269 2297 606 2350 gymnasiorum
636 2296 878 2343 studiosos.
912 2298 957 2335 ut
989 2297 1235 2347 spectatum
1266 2306 1355 2333 non
1388 2293 1517 2333 modo
1561 2292 1684 2332 ueni-

49 2365 161 2413 rent,
193 2375 348 2404 uerum
378 2363 512 2403 etiam
542 2362 827 2413 corrigerent,
860 2361 898 2400 si
929 2363 1125 2412 possent.
1158 2360 1287 2399 affixa
1320 2359 1563 2410 parietibus
1592 2370 1683 2397 car-

49 2428 183 2468 mina.
217 2428 385 2467 Deinde
416 2428 492 2467 ubi
523 2426 751 2467 exhibitus
781 2426 865 2465 tuit
896 2426 1118 2476 dialogus,
1151 2425 1239 2463 (luo
1270 2424 1468 2463 rhetores
1497 2423 1552 2462 ad
1573 2422 1684 2462 clas-

49 2505 141 2533 sem
172 2493 482 2545 philosophiae
512 2492 816 2542 conscensurj,
848 2491 1073 2530 orationes
1103 2491 1155 2529 de
1177 2489 1462 2541 philosophia
1488 2499 1684 2539 pronun-

48 2559 238 2606 ciarunt,
282 2570 473 2609 quorum
517 2558 628 2597 alter
671 2569 767 2596 eam
812 2556 1094 2607 contempsit,
1140 2555 1251 2594 alter
1295 2566 1400 2594 uero
1445 2555 1680 2604 postquam

48 2623 259 2664 laudibus
287 2623 559 2670 sustulisset,
583 2625 625 2662 et
655 2623 699 2661 in
732 2622 908 2673 magnis
937 2621 1138 2672 scientijs
1168 2632 1263 2659 eam
1295 2619 1580 2670 reposuisset,
1606 2630 1683 2658 an-

48 2688 290 2728 tecedentis
318 2690 582 2740 argumenta
610 2687 785 2734 euertit,
817 2687 927 2726 adeo
958 2689 1006 2726 ut
1028 2686 1205 2726 laudem
1226 2685 1284 2725 sit
1306 2696 1395 2724 non
1419 2683 1682 2723 mediocrem

49 2753 257 2805 adeptum
289 2753 401 2793 illud
431 2753 628 2804 certandj
654 2764 810 2803 genus,
834 2764 884 2791 ac
905 2751 1183 2802 declamandj
1208 2753 1424 2800 vtranque
1446 2749 1492 2788 in
1515 2750 1682 2799 partem

51 2830 174 2859 usus.
197 2819 383 2859 Demum
405 2818 600 2869 singulis
620 2817 978 2857 adolescentibus
1000 2817 1055 2856 ad
1076 2816 1327 2867 superiores
1348 2815 1513 2854 classes
1534 2825 1683 2853 ascen-

49 2883 183 2932 suris,
217 2886 389 2935 praeter
427 2884 657 2931 honorem,
699 2882 776 2933 qui
816 2893 894 2932 pro
935 2881 1290 2931 uniuscuiusque
1329 2879 1579 2919 eruditione
1608 2877 1683 2918 tri—

115 3057 125 3075 ²
148 3055 199 3088 Ex
223 3057 368 3097 autogr.
394 3056 433 3088 in
456 3056 536 3088 cod.
565 3054 694 3087 Germ.
719 3054 804 3090 143,
829 3054 889 3086 fol.
915 3055 993 3090 218:
1019 3054 1124 3095 prius
1148 3054 1206 3085 187
1230 3053 1334 3094 (174).
