2099 3516
568 259 650 296 536.
680 279 722 284 —
750 258 931 294 COLONIA
958 257 980 292 4
1006 256 1111 292 IUN11
1141 256 1228 291 1561
1597 254 1665 290 367

88 377 272 418 recurrit
318 378 366 417 B.
399 377 598 428 Virginis
645 377 807 416 Mariae
856 375 1092 420 festiuitas.
1141 376 1217 413 aut
1255 373 1421 424 aliquis
1451 373 1589 411 festus
1618 372 1713 411 dies

85 442 314 489 celebrior,
358 442 468 493 quin
513 442 701 492 parietes
743 441 798 480 ad
841 440 886 480 id
929 439 1130 491 apparati
1169 437 1444 478 carminibus
1473 436 1642 488 graecis
1671 438 1712 475 et

85 506 239 546 latinis
271 509 521 547 onerentur.
552 506 637 547 Sed
679 507 732 546 de
775 506 1002 553 fratribus,
1043 503 1377 544 conuictorihus
1407 504 1449 541 et
1477 500 1713 551 discipulis

86 571 315 611 hactenus.

163 637 201 676 9.
232 636 358 676 Nunc
399 648 512 687 quae
555 638 660 676 sunt
702 635 873 686 reliqua
917 634 1111 674 breuiter
1157 633 1403 684 expediam.
1445 643 1500 671 ne
1541 630 1712 670 diutius

84 713 218 752 quam
260 713 340 752 par
368 701 441 747 sit.
473 701 521 740 T.
556 702 604 742 R.
636 702 683 740 P.
716 700 951 740 detineam.
990 699 1129 739 Paulo
1173 701 1275 738 ante
1317 698 1478 737 festum
1523 696 1713 747 paschae

84 765 171 805 huc
200 765 373 816 appulit
403 766 528 805 RJHHS
557 777 664 805 suae
685 765 944 805 Sanctitatis
973 764 1168 804 Nuntius
1199 775 1285 802 vna
1315 774 1415 802 cum
1445 762 1590 812 legato
1619 771 1712 799 cae-

83 842 224 878 sareo,
256 833 298 870 et
328 831 379 870 R.
413 831 460 870 P.
494 831 544 870 D.
577 830 810 870 Lamberto
841 831 877 877 ¹3
910 829 1039 869 cuius
1072 828 1167 868 ΒΨ
1199 828 1436 873 aduentus,
1478 828 1525 865 vt
1564 825 1710 875 reipu-

84 895 224 935 blicae
254 896 338 935 fuit
366 898 535 946 gratus,
567 896 627 935 ita
658 895 787 934 nobis
818 906 908 934 non
938 906 1094 945 parum
1140 893 1274 934 vulis.
1319 892 1444 937 Nam,
1482 893 1527 930 vt
1566 889 1713 930 Socie-

84 962 217 1000 tatem
264 961 336 1000 hic
384 962 678 1011 promoueret,
712 971 916 1011 magnam
965 971 1137 1010 semper
1179 970 1358 1009 operam
1389 956 1551 1008 posuit.
1585 956 1636 994 Et
1666 955 1712 994 in

83 1025 239 1076 primis
267 1025 446 1076 quidem
476 1037 575 1065 cum
606 1025 661 1064 ad
700 1037 746 1065 se
788 1025 980 1064 venisset
1021 1024 1257 1074 episcopus
1291 1020 1651 1072 Osnaburgensis
1679 1021 1710 1067 2,

83 1090 151 1129 vir
178 1092 217 1130 et
248 1102 407 1141 genere
435 1091 598 1139 clarus,
629 1093 672 1130 et
700 1090 901 1129 doctrina
931 1089 1136 1135 illustris,
1168 1089 1277 1128 adeo
1307 1088 1359 1127 de
1388 1086 1598 1138 erigendo
1633 1085 1712 1125 So-

81 1155 229 1194 cietati
259 1155 446 1206 collegio
475 1162 493 1180 ³
527 1167 626 1195 cum
658 1155 755 1206 ipso
784 1155 888 1205 egit,
924 1157 967 1193 vt
996 1155 1035 1194 is
1064 1166 1110 1194 se
1140 1154 1184 1193 id
1216 1154 1435 1193 facturum
1461 1163 1550 1191 non
1582 1151 1712 1190 modo

82 1220 306 1271 reciperet,
329 1221 406 1260 sed
435 1221 569 1260 etiam
598 1220 835 1260 affirmaret
864 1232 910 1259 se
939 1220 1114 1259 daleros
1134 1220 1213 1258 500
1234 1219 1280 1258 in
1312 1219 1514 1269 promptu
1548 1217 1710 1255 habere

82 1296 160 1335 pro
192 1285 346 1336 primis
374 1285 547 1337 collegij
581 1285 724 1337 initijs
753 1297 803 1324 ac
843 1285 1066 1331 censibus
1098 1286 1140 1324 et
1169 1283 1347 1323 interim
1395 1294 1441 1322 se
1485 1282 1712 1332 despectu-

82 1362 194 1396 rum,
227 1352 272 1389 vt
301 1351 532 1390 commoda
560 1351 720 1390 domus
750 1351 965 1390 iuuenum
996 1348 1266 1399 institutionj
1313 1349 1563 1399 apparetur.
1602 1346 1712 1387 Cum

81 1417 227 1455 autem
258 1415 313 1454 ad
345 1415 507 1456 R.⁵i¹¹¹¹¹¹¹¹
539 1415 922 1466 archiepiscopum
953 1414 1264 1455 Coloniensem
1304 1415 1317 1437 ³
1356 1425 1403 1453 se
1432 1412 1709 1459 contulisset,

81 1480 143 1519 ita
171 1492 270 1520 cum
301 1492 352 1520 eo
382 1481 435 1520 de
464 1481 595 1520 nobis
624 1483 691 1520 est
719 1481 910 1527 locutus,
935 1483 980 1519 vt
1009 1479 1047 1518 is
1077 1492 1123 1519 se
1153 1479 1361 1529 deinceps
1382 1478 1512 1517 nohis
1532 1478 1585 1516 de
1606 1477 1712 1516 aede

79 1545 229 1596 aliqua
259 1557 385 1585 saera
413 1548 750 1597 prospecturum
781 1546 847 1585 illi
877 1545 1128 1585 affirmaret.
1163 1544 1293 1595 Apud
1336 1544 1544 1584 consules
1577 1543 1710 1582 etiam

79 1612 121 1649 et
150 1611 420 1662 reipublicae
449 1611 720 1651 coloniensis
748 1614 990 1657 senatores,
1022 1622 1122 1650 cum
1152 1613 1267 1650 esset
1297 1610 1342 1649 in
1373 1609 1576 1660 prandio,
1614 1610 1712 1659 post

81 1676 219 1716 multa
249 1677 302 1716 de
331 1676 548 1716 Societate
576 1676 792 1723 encomia,
824 1676 937 1716 dixit
966 1676 1069 1715 illos
1100 1676 1194 1728 [sic]
1231 1688 1277 1715 se
1322 1675 1490 1714 nescire
1533 1674 1710 1725 qualem

78 1743 120 1780 et
148 1744 366 1792 quantum
396 1741 443 1780 in
472 1753 554 1781 sua
583 1741 765 1781 ciuitate
808 1742 998 1781 habeant
1045 1742 1319 1785 thesaurum,
1365 1751 1494 1791 quem
1530 1739 1708 1778 taudem

78 1809 383 1857 agnoscerent.
417 1807 488 1846 vbi
519 1807 732 1858 templum
763 1807 894 1846 nohis
923 1807 1134 1846 donarint
1162 1806 1218 1845 ad
1247 1805 1480 1846 Societatis
1520 1804 1711 1844 functio-

78 1884 157 1911 nes
186 1872 323 1911 libere
351 1873 594 1913 obeundas
627 1873 855 1912 Praeterea
888 1873 1029 1912 voluit
1059 1885 1141 1911 sua
1170 1873 1302 1912 etiam
1341 1871 1588 1922 praesentia
1612 1882 1711 1909 nos-

77 1939 193 1976 trum
224 1937 460 1988 collegium
491 1938 796 1984 cohonestare.
833 1938 879 1977 in
909 1939 1042 1989 quod.
1073 1940 1305 1989 postquam
1348 1938 1464 1976 esset
1493 1936 1710 1975 scholam-

77 2014 163 2053 que
205 2002 403 2052 aliquam
447 2003 692 2054 ingressus,
725 2003 849 2042 finita
880 2004 1004 2043 breui
1035 2004 1228 2054 quadam
1271 2002 1472 2042 oratione
1515 2014 1539 2040 a
1576 2013 1710 2052 puero

79 2068 372 2118 pronunciata
410 2068 676 2115 memoriter,
709 2068 746 2108 is
776 2069 828 2107 ad
863 2071 1057 2108 nostram
1102 2068 1387 2108 domesticam
1433 2067 1711 2107 iuuentutem

77 2143 324 2171 sermonem
353 2132 527 2177 habuit,
551 2133 736 2172 hortans
765 2145 855 2180 eos,
882 2135 927 2172 vt
955 2133 1166 2173 ecclesiae
1195 2145 1275 2173 sua
1306 2132 1455 2172 studia
1484 2143 1710 2171 consecra-

77 2199 188 2244 rent,
220 2209 352 2248 quam
402 2198 599 2238 viderent
641 2198 724 2237 hoc
760 2200 953 2250 tempore
1000 2199 1320 2238 haereticorum
1372 2198 1472 2237 telis
1515 2197 1711 2248 grauiter

77 2262 338 2313 impetitam.
372 2263 486 2302 Ante
515 2265 664 2302 tamen
695 2267 872 2303 nostros
902 2266 1059 2303 iratres
1088 2264 1258 2303 adierat
1288 2264 1333 2302 in
1364 2263 1527 2302 sacello
1562 2262 1708 2313 ipsum

79 2328 413 2378 praestolantes.
446 2329 563 2379 apud
608 2341 737 2380 quem
782 2341 880 2368 cum
926 2329 978 2369 de
1022 2330 1106 2368 loci
1147 2329 1370 2380 angustiis
1399 2340 1705 2379 quereremur:

77 2392 180 2435 imo.
213 2392 373 2443 inquit,
406 2395 625 2444 angustus
654 2396 719 2432 est
748 2394 888 2441 locus,
912 2406 1042 2444 quem
1080 2394 1138 2433 ita
1172 2393 1390 2433 Dominus
1420 2394 1503 2432 hoc
1533 2404 1708 2432 summo

137 2571 156 2590 a
176 2563 331 2603 collegio
353 2573 481 2605 supra
506 2573 607 2596 vers.

137 2721 147 2738 ¹
170 2718 388 2751 Indicantur
410 2719 471 2751 hic
494 2719 652 2752 Ioannes
676 2720 896 2752 Franciscus
920 2721 1203 2759 Commendone,
1230 2721 1374 2763 Gaspar
1401 2730 1471 2753 von
1496 2721 1706 2753 Schtinaich

75 2773 111 2804 et
134 2772 171 2804 P.
197 2772 414 2805 Lambertus
437 2773 547 2805 Auer.
573 2773 684 2805 Plura
707 2774 876 2806 invenies
900 2775 999 2815 apud
1023 2774 1186 2813 ΗΑΝΞΕΝ,
1212 2775 1234 2807 l.
1260 2784 1290 2807 c.
1316 2776 1355 2806 n⁰
1377 2775 1438 2806 265
1461 2776 1510 2816 (p.
1536 2775 1597 2806 385
1610 2775 1705 2816 sqq.)

75 2825 127 2858 Cf.
152 2825 265 2857 etiam
287 2826 433 2857 Laim‘i
455 2826 629 2859 Monam.
654 2827 697 2865 V,
721 2828 793 2866 433,
818 2828 890 2860 487.

135 2881 148 2898 ⁵³
171 2878 327 2911 Ioannes
351 2879 395 2911 de
418 2879 534 2921 Hoya.
560 2879 713 2921 Collegii
739 2882 862 2913 tamen
886 2881 1057 2914 fundatio
1081 2882 1127 2914 ad
1152 2881 1321 2914 effectum
1346 2882 1524 2922 perducta
1548 2891 1621 2914 non
1652 2883 1708 2914 est

75 2931 150 2963 nisi
173 2941 271 2964 anno
295 2933 386 2965 1625.
411 2932 463 2965 Cf.
489 2933 619 2965 DUHR:
659 2933 886 2966 Geschichte
910 2935 981 2967 der
1002 2934 1183 2967 des-uicem
1205 2935 1251 2967 in
1288 2935 1363 2967 den
1385 2935 1576 2967 Laudem
1602 2935 1708 2967 clent-

74 2984 189 3017 Scher
211 2985 356 3026 Zusnqe.
383 2986 539 3018 Zweiter
560 2986 677 3025 Band,
703 2987 827 3019 Erster
848 2987 927 3020 Teil
944 2988 1142 3030 (Freiburg
1165 2989 1189 3021 i.
1216 2989 1256 3021 B.
1286 2989 1392 3029 1913),
1419 2998 1452 3030 p.
1477 2989 1518 3020 84
1541 2998 1621 3030 sqq.

137 3040 151 3058 ⁸
172 3038 329 3071 Ioannes
353 3039 537 3072 Gebhard.
