2099 3516
382 239 444 273 174
851 243 1051 279 LITTERAE
1078 246 1421 289 QUADRIMESTRES

329 357 442 395 cauit
461 370 468 397 :
498 359 705 408 quamuis
731 361 847 399 dona
869 369 884 386 ²¹
912 363 1098 412 quedam
1121 364 1252 403 claris
1274 366 1497 405 natalibus
1518 370 1627 413 orla,
1647 382 1730 420 que
1751 371 1941 422 singulis

330 422 556 460 mensibus
586 425 815 473 sexaginta
853 428 1083 476 argenteos
1115 429 1242 467 nobis
1271 430 1589 481 donabat,jam
1625 436 1819 473 nostram
1851 437 1942 474 nol-

329 485 411 523 luit
441 487 640 535 gratiam.
675 488 820 538 Huius
851 490 910 528 rei
943 490 1154 529 rationem
1188 504 1275 531 non
1297 493 1515 533 immerito
1549 497 1680 547 tacuj,
1703 510 1787 537 cun
1819 500 1941 538 nulla

327 549 384 588 sit
414 551 536 601 (quia
567 555 695 601 prout
741 554 945 592 voluntas
988 554 1084 604 ejus
1128 556 1259 598 tullit.
1294 558 1354 596 ita
1393 560 1553 599 factum
1590 564 1687 609 est),
1736 564 1942 613 quamuis

327 626 414 653 non
437 617 618 655 omnino
648 617 811 656 amissa
841 620 902 656 est
936 631 1050 668 spes,
1083 631 1180 658 cum
1213 622 1555 673 chirographum
1587 626 1683 676 ejus
1713 628 1829 677 apud
1862 641 1942 668 nos

326 678 384 717 sit
414 682 440 718 ².

406 744 617 783 Nonnulli
649 747 794 784 tamen
824 758 876 785 ex
905 747 1190 788 eclesiasticis
1220 762 1300 789 nos
1349 752 1504 792 intimo
1542 759 1843 806 consequntur
1879 760 1941 796 af·

327 810 455 849 fectu.
505 809 580 859 qui
625 810 743 848 etian
786 811 915 850 nobis
958 812 1269 853 eleemosinam
1314 815 1653 867 impartiuntur,
1711 821 1811 860 licet
1856 824 1941 861 fere

325 873 458 911 semel
489 873 534 912 in
564 886 697 921 anno,
730 877 924 925 tempore
954 877 1123 917 messis.

403 936 608 976 Nostrum
641 950 742 977 vero
771 939 1122 981 circumcisionis
1170 946 1344 991 festum,
1376 946 1481 996 quia
1510 948 1619 987 satis
1647 949 1838 999 copiose,
1870 963 1941 990 so-

324 1001 612 1052 lemniterque
632 1003 898 1043 celebratum
931 1005 1027 1051 suit,
1052 1006 1149 1046 ideo
1179 1019 1267 1047 non
1297 1021 1410 1060 opus
1438 1013 1504 1050 est
1532 1012 1586 1051 ad
1618 1013 1728 1052 illud
1759 1014 1940 1054 laudan-

323 1066 427 1104 dum
459 1067 646 1106 multum
675 1079 934 1108 consumere
965 1072 1187 1121 temporis.
1212 1073 1376 1113 Tamen
1398 1076 1503 1126 quia
1523 1077 1606 1116 hoc
1626 1079 1735 1118 satis
1755 1080 1938 1130 dignum

321 1132 387 1169 est
416 1130 543 1178 scitu,
576 1143 705 1181 opere
736 1133 929 1182 precium
968 1134 1073 1173 duxi
1104 1135 1215 1175 illud
1246 1149 1335 1177 non
1365 1140 1578 1181 omittere.
1615 1142 1827 1183 Videlicet
1858 1145 1940 1184 fra·

322 1197 409 1233 tres
440 1195 753 1244 franciscanos,
786 1209 835 1236 ac
865 1197 937 1237 sssi
965 1199 1201 1247 Dominici,
1243 1214 1360 1242 anno
1400 1206 1606 1254 preterito
1641 1219 1722 1247 nos
1750 1209 1805 1247 ad
1835 1221 1939 1248 suas

321 1258 624 1299 solemnitates
662 1261 844 1301 minime
882 1263 1135 1304 advocasse.
1179 1266 1248 1305 An
1287 1267 1343 1306 lis
1373 1269 1508 1319 hujus
1538 1271 1598 1309 rei
1629 1283 1762 1311 causa
1791 1274 1937 1321 fuerit,

323 1335 389 1362 me
419 1323 524 1363 latet
552 1325 590 1371 Ἐς
624 1325 753 1365 nobis
791 1328 937 1366 tamen
978 1328 1145 1368 vissum
1182 1333 1247 1370 est
1282 1333 1351 1381 (ne
1382 1333 1492 1373 forte
1522 1335 1633 1374 illud
1664 1338 1937 1378 mundanum

320 1387 486 1427 dictum
516 1400 814 1440 sequeremur,
847 1391 883 1430 si
915 1404 1004 1431 non
1050 1395 1156 1433 tuus
1198 1395 1321 1435 fuero
1363 1398 1571 1447 conuiua‚
1616 1412 1696 1440 nec
1735 1404 1782 1441 tu
1816 1414 1939 1443 meus

319 1451 421 1501 eris)
463 1453 565 1492 illos
594 1454 649 1493 ad
679 1458 879 1495 nostrum
926 1469 1101 1505 vocare,
1134 1459 1210 1509 qui
1246 1460 1543 1503 libentissimo
1577 1464 1725 1505 dixere
1758 1467 1935 1507 animo:

318 1517 555 1558 aderimus.
580 1519 672 1559 Hoc
692 1532 825 1570 quam
849 1521 957 1560 bene
976 1523 1144 1562 vissum
1173 1526 1247 1564 tan
1278 1525 1402 1576 ipsis,
1434 1540 1567 1579 quam
1596 1531 1761 1581 populo
1790 1532 1935 1579 fuerit,

319 1593 408 1620 non
439 1594 551 1632 opus
580 1586 645 1622 est
674 1584 830 1626 dicere.

398 1647 448 1685 In
479 1649 669 1697 presenti
699 1650 805 1700 quid
831 1652 1024 1702 amplius
1045 1653 1099 1692 ad
1120 1655 1161 1693 te
1182 1655 1386 1704 scribam,
1410 1669 1499 1696 non
1528 1660 1730 1700 occrruit.
1766 1661 1938 1712 [Preces

311 1713 528 1762 postulat,
552 1726 600 1752 ac
625 1715 862 1766 valedicit]
908 1716 1136 1757 Palantiae
1166 1721 1289 1758 sexto
1318 1721 1558 1762 chalendas
1588 1723 1768 1774 Aprilis.
1815 1726 1937 1766 Tuus

317 1775 364 1814 in
393 1776 559 1816 christo
588 1778 708 1817 filius
738 1779 951 1820 minimus
977 1780 1009 1821 ¹³.

1348 1910 1768 1952 HERNANDALUAREZ
1798 1916 1826 1954 ³.

376 2110 392 2126 a
411 2101 477 2132 »Sic
494 2111 570 2141 pro
593 2102 753 2135 domina.
779 2122 817 2125 —
841 2104 859 2130 b
876 2104 1000 2137 Prius
1024 2107 1191 2140 intimus.

378 2292 385 2307 ¹
410 2290 461 2322 Cf.
487 2291 581 2323 Lite.
611 2292 815 2331 Qnadrim.
842 2294 901 2333 Vl,
926 2295 997 2327 9:36.

375 2344 386 2360 ³
409 2342 459 2374 Cf.
487 2343 575 2376 ibid.
600 2345 672 2376 937.

374 2398 386 2413 ³
409 2395 459 2427 Cf.
485 2396 578 2428 Litt.
623 2396 842 2437 Quadrima,
867 2399 909 2438 V,
934 2401 1015 2434 441:
1041 2400 1100 2441 VI,
1126 2403 1198 2435 487.
1223 2403 1275 2435 Ex
1313 2406 1501 2445 responsis
1538 2407 1583 2438 ad
1621 2408 1930 2450 interrogationes

311 2448 347 2479 P.
374 2448 501 2488 Nadal,
526 2450 679 2482 ineunte
702 2460 800 2483 anno
824 2453 914 2491 1562,
939 2454 1102 2495 scriptis,
1122 2455 1368 2497 intelligimus
1392 2458 1428 2491 P.
1454 2459 1606 2492 Alvarez
1623 2460 1679 2505 del
1696 2462 1831 2503 Aguila
1847 2472 1928 2496 esse

310 2501 455 2542 collegii
480 2503 661 2542 palentini
687 2505 874 2537 rectorem.
