2099 3516
483 266 564 302 575.
591 287 636 291 —
662 266 860 303 Tumulus
885 266 908 301 4
934 265 1189 302 SEPTEMBms
1218 265 1303 302 1561
1592 266 1662 303 535

82 385 306 424 burendos
335 384 588 431 detulerint,
612 385 716 436 quia
746 385 942 424 admixta
971 384 1188 435 quaedam
1210 384 1372 423 habere
1396 384 1703 432 credebantur,

79 461 193 500 quae
234 449 344 489 citra
388 449 632 500 periculum
663 450 838 489 animae
867 449 954 500 legi
984 460 1075 488 non
1105 451 1300 499 possent,
1334 448 1478 500 ijsque
1521 449 1610 488 alia
1649 449 1705 489 si-

80 514 216 555 milia.
248 515 391 555 Vnius
420 517 534 555 certe
564 515 715 555 audita
745 517 810 555 est
839 514 1075 561 confessio,
1107 514 1183 565 qui
1227 514 1323 554 eius
1367 514 1508 554 solius
1547 514 1704 565 gratia,

77 591 256 619 emenso
285 580 390 619 7000
419 591 631 631 passuum
662 579 1015 631 germanicorum
1047 579 1219 627 itinere,
1260 591 1308 618 ea
1340 578 1392 618 25
1421 579 1571 618 italica
1605 591 1706 619 con-

78 643 277 692 stituent,
309 645 364 684 ad
394 656 477 684 nos
506 645 643 684 uenit.
678 646 720 685 Is
749 657 849 685 cum
880 656 1107 695 nunquam
1141 644 1187 683 in
1217 643 1338 683 omni
1383 645 1585 683 anteacta
1616 644 1704 684 vita

77 720 305 759 synceram
335 709 660 749 confessionem
689 721 873 750 suorum
902 709 1138 748 criminum
1171 709 1359 758 fecisset,
1383 710 1516 759 atque
1541 721 1565 748 a
1595 709 1703 748 mul-

76 773 133 813 tis
163 776 278 813 retro
308 774 440 813 annis
469 774 515 813 in
545 775 759 814 continuo
801 774 1021 814 adulterio
1068 774 1263 821 vixisset,
1297 774 1343 812 in
1373 774 1543 813 somnis
1583 774 1706 814 visus

75 840 142 877 est
172 838 239 877 illi
268 839 438 887 adesse,
470 839 546 890 qui
578 842 623 878 vt
653 839 861 879 Treuiros
890 850 936 878 se
965 838 1182 878 conferret
1211 839 1491 886 admoneret3
1514 850 1605 878 non
1634 839 1706 878 de-

76 904 250 943 futuros
280 904 358 947 ibi.
380 905 457 955 qui
489 905 616 944 illum
647 905 801 945 iuuare
832 906 1027 955 possent.
1061 903 1146 943 Nec
1177 903 1318 943 defuit
1347 905 1461 943 recte
1491 903 1703 944 monenti.

79 968 205 1008 Venit
234 969 336 1016 huc,
359 972 536 1009 nostros
565 970 690 1021 adth,
714 969 788 1009 vbi
819 981 917 1009 cum
945 981 1076 1008 omne
1097 969 1268 1020 Augiae
1298 969 1525 1008 stabulum
1556 981 1706 1020 repur-

75 1036 279 1085 gasset1,
312 1035 503 1085 negabat
546 1035 632 1074 sibi
676 1047 867 1086 vnquam
913 1034 1168 1085 contigisse,
1210 1036 1256 1073 vt
1298 1034 1377 1074 tali
1420 1034 1701 1082 contritione,

73 1101 151 1139 aut
192 1099 330 1138 animi
375 1100 645 1140 demissione
687 1100 983 1140 confiteretur.
1030 1099 1189 1139 Mulier
1230 1111 1408 1150 quoque
1447 1101 1701 1139 nostrorum

73 1165 189 1204 fama
219 1164 423 1213 excitata,
450 1166 592 1205 solius
620 1165 916 1205 confessionis
945 1177 1064 1216 ergo,
1092 1165 1328 1205 admodum
1361 1165 1508 1204 vicina
1539 1165 1701 1216 partui,

73 1229 299 1270 Treuerim
329 1231 465 1277 venit,
498 1232 583 1270 tr'a
612 1231 805 1270 miliaria
834 1231 1087 1282 germanica
1133 1231 1319 1281 pedibus
1361 1230 1615 1271 conficiens.
1654 1231 1702 1271 Id

72 1295 219 1345 ipsum
248 1295 335 1334 huc
364 1295 526 1335 adferri
559 1298 703 1346 posset
736 1296 788 1334 de
818 1295 959 1334 nobili
989 1295 1180 1347 quadam
1226 1297 1442 1343 matrona,
1475 1307 1588 1346 quae
1622 1295 1702 1334 ali-

71 1361 178 1410 quot
208 1371 418 1410 passuum
453 1361 635 1400 milibus
664 1362 786 1400 extra
817 1360 1044 1400 Treuerim
1075 1360 1349 1400 domicilium
1383 1360 1516 1400 fouet.

150 1425 188 1465 9.
219 1424 344 1474 Quod
389 1437 492 1465 vero
535 1426 589 1465 ad
634 1438 709 1465 eas
751 1428 918 1477 spectat
960 1425 1278 1473 confessiones,
1310 1437 1423 1477 quae
1465 1438 1490 1464 a
1524 1425 1702 1465 ciuibus

71 1490 197 1534 fiunt.
221 1501 311 1529 non
340 1492 443 1529 sunt
476 1502 552 1530 eae
582 1491 761 1541 quidem
791 1491 1031 1531 admodum
1052 1491 1368 1542 infrequentes,
1393 1490 1533 1530 multo
1554 1493 1702 1530 tamen

70 1554 391 1606 frequentiores
435 1555 625 1604 futurae,
657 1556 694 1595 si
738 1558 903 1596 certum
948 1556 1130 1607 aliquod
1165 1556 1378 1607 templum
1409 1556 1698 1604 haberemus;

69 1619 124 1658 ad
154 1620 273 1671 quod
316 1620 532 1660 hactenus
576 1621 731 1661 sedulo
775 1621 952 1672 quidem
999 1621 1295 1672 aduigilatum
1339 1623 1416 1671 est,
1447 1633 1537 1660 non
1567 1633 1592 1660 a
1622 1633 1700 1660 no-

69 1685 173 1724 stris
204 1685 334 1725 modo
371 1693 404 1734 a¹,
429 1698 581 1725 verum
612 1689 697 1726 eta
728 1687 992 1727 consulibus
1027 1686 1060 1734 b,
1093 1688 1136 1726 et
1166 1687 1399 1737 praecipue
1429 1687 1537 1727 R.¹¹10
1558 1687 1610 1727 D.
1634 1699 1700 1726 ar-

68 1749 367 1801 chiepiscopO,
399 1751 476 1802 qui
507 1751 590 1791 hoc
620 1752 766 1802 ipsum
798 1764 901 1802 prae
930 1752 1116 1791 coeteris
1145 1752 1192 1791 in
1222 1751 1338 1791 votis
1368 1752 1514 1792 habet.
1537 1752 1698 1791 Verum

68 1815 173 1866 quia
218 1815 427 1867 pleraque
469 1817 619 1856 oblata
662 1817 802 1856 videri
844 1819 1044 1868 poterant
1073 1817 1239 1857 nostris
1270 1817 1521 1857 rationibus
1552 1817 1701 1857 minus

68 1880 218 1920 futura
260 1882 603 1932 accommodata,
636 1882 683 1921 fit
713 1884 757 1921 vt
789 1882 835 1921 in
866 1882 1110 1934 longiorem
1141 1882 1556 1934 diuturnioremque
1599 1894 1701 1922 con-

67 1946 353 1986 sultationem
384 1949 578 1994 vocetur,
601 1948 719 1998 quod
750 1948 1034 1988 statuendum
1066 1950 1132 1988 est
1161 1949 1297 1988 semel
1318 1956 1347 1988 ⁰.
1372 1948 1503 1987 Nulla
1530 1950 1701 1988 nostro-

67 2022 163 2050 rum
208 2013 285 2051 aut
314 2011 359 2050 in
390 2013 680 2064 xenodochiis
709 2013 1093 2060 decumbentibus,
1125 2016 1202 2053 aut
1244 2013 1496 2053 carceribus
1524 2012 1543 2039 d
1578 2025 1699 2053 man-

66 2075 225 2126 cipatis
254 2076 425 2116 deesset
454 2089 601 2128 opera,
625 2078 663 2118 si
693 2090 789 2118 sese
818 2079 993 2118 offerret
1023 2079 1220 2127 occasio;
1245 2079 1319 2119 sed
1351 2082 1394 2119 et
1422 2079 1699 2119 xenodochia

66 2142 332 2181 et'carceres
361 2154 387 2181 a
420 2143 570 2182 multis
614 2143 701 2183 iam
745 2145 989 2193 mensibus,
1021 2145 1141 2196 quod
1186 2145 1347 2184 mirum
1377 2144 1518 2184 videri
1548 2146 1695 2196 queat,

67 2205 327 2247 hominibus
356 2208 485 2248 vacui
516 2211 634 2249 sunt.

147 2271 209 2311 10.
243 2271 474 2312 Coeterum
504 2285 583 2313 nec
613 2274 725 2314 illud
768 2275 983 2315 intactum
1029 2276 1138 2315 mihi
1179 2275 1519 2327 relinquendum
1552 2275 1696 2315 visum

64 2337 145 2383 est,
177 2337 295 2387 quod
326 2337 455 2377 multi
487 2340 579 2378 tum
610 2351 662 2378 ex
692 2340 931 2390 germanis,
965 2343 1059 2380 tum
1102 2353 1154 2380 ex
1190 2341 1351 2381 vicinis
1381 2341 1697 2393 Lotharingiae

65 2401 384 2449 sacerdotibus,
417 2402 472 2442 ad
502 2415 584 2443 nos
613 2404 922 2452 confluxerint,
955 2405 1031 2457 alij
1063 2406 1116 2445 de
1145 2406 1340 2454 casibus,
1372 2418 1485 2457 quos
1519 2408 1694 2455 vocant,

63 2465 362 2506 conscientiae
405 2470 582 2508 nostros
624 2470 888 2517 consulturi,
934 2471 1011 2522 alij
1044 2471 1181 2511 totius
1219 2472 1337 2511 vitae
1371 2472 1694 2512 confessionem

64 2530 352 2580 patefacturi3
386 2544 465 2571 nec
496 2533 583 2573 rari
614 2534 721 2586 quid
751 2535 951 2587 ecclesijS
980 2536 1075 2576 suis
1104 2537 1343 2587 expediret,
1382 2537 1585 2588 petituri3
1619 2537 1695 2589 qui

124 2697 143 2716 a
163 2688 245 2721 Del.
272 2690 395 2722 tamen
419 2691 467 2732 (οἱ)
491 2711 529 2714 ——
554 2692 572 2719 b
597 2692 765 2726 Obscura
803 2704 913 2727 exar.
941 2704 976 2727 v.
1015 2695 1057 2727 in
1082 2706 1174 2730 ms.,·
1206 2697 1275 2729 sed
1307 2697 1468 2729 videtur
1501 2697 1696 2739 scriptum

83 2750 180 2774 coss.
205 2760 245 2764 —
267 2750 282 2769 c
303 2744 415 2776 semel
439 2753 566 2786 supra
589 2754 692 2778 vers.
718 2765 757 2769 —
781 2747 797 2773 d
820 2747 903 2780 Del.
928 2748 1175 2781 demandatis.

125 2892 135 2909 ¹
158 2890 302 2932 Augias
326 2891 531 2925 Eliensium
560 2895 616 2927 vel
640 2895 822 2936 Epeorum
857 2907 920 2930 rex
944 2898 1070 2930 hubile
1093 2898 1234 2931 dicitur
1267 2898 1463 2931 habuisse
1482 2900 1557 2932 tria
1590 2900 1695 2932 milia

61 2942 173 2975 boum
196 2944 371 2985 capiens:
396 2946 494 2987 quod
518 2956 602 2979 cum
626 2957 690 2989 per
712 2949 870 2990 triginta
894 2960 1012 2983 annos
1036 2953 1283 2993 expurgatum
1318 2962 1391 2984 non
1415 2952 1560 2992 fuisset,
1589 2953 1694 2986 foedo

62 2997 138 3028 tam
161 2997 227 3029 alti
252 2999 419 3039 congesti
444 3000 618 3033 stercoris
642 3002 751 3034 odore
774 3004 919 3045 regioni
936 3005 1189 3046 pestilentiam
1218 3006 1410 3038 inferebat.
1437 3006 1541 3046 Quod
1557 3007 1694 3040 Hercu-

58 3049 123 3091 les,
139 3051 306 3084 immisso
322 3052 463 3094 Alpheo
480 3054 537 3086 vel
554 3054 673 3087 Peneo
689 3055 816 3096 fluvio,
835 3059 1023 3100 purgavit.
1043 3059 1096 3092 Cf.
1115 3059 1246 3092 Parim:
1270 3060 1558 3101 Onomastieon‚
1573 3061 1600 3101 Ι,
1618 3062 1690 3095 212.
