2099 3516
573 287 651 323 490.
678 308 722 312 -
749 286 866 322 SENis
891 286 913 322 9
939 285 1168 321 FEBRUARH
1197 285 1284 321 1561
1628 289 1694 323 149

117 418 142 445 a
173 406 340 457 piscare
370 417 446 456 per
475 405 514 444 le
545 406 691 456 piazze
721 417 743 444 e
772 416 943 455 sempre
973 404 1109 443 fanno
1138 406 1335 454 captura,
1361 404 1533 444 intanto
1563 406 1632 444 ch'
1656 406 1742 446 alle

116 471 235 511 uolte
264 483 319 510 ne
350 482 537 510 menano
569 471 617 510 15
647 483 670 509 a
701 470 951 510 confessare
981 469 1167 508 insieme
1206 469 1295 508 alla
1338 469 1502 508 chiesa.
1537 470 1585 508 Li
1616 471 1741 509 scho-

116 535 197 575 lari
243 547 391 575 uanno
434 536 559 583 bene,
591 538 632 574 et
673 535 787 575 oltra
816 534 846 573 li
881 534 1082 573 continui
1126 534 1285 572 ricordi
1329 534 1410 573 che
1454 534 1484 573 li
1528 535 1678 573 danno
1709 535 1739 574 li

116 600 292 639 maestri
322 600 427 650 ogni
457 600 629 651 giorno,
661 600 702 639 le
732 600 853 648 feste,
877 599 1022 649 doppo
1045 610 1222 649 pranso,
1246 610 1336 637 uno
1367 598 1410 637 di
1442 598 1536 637 loro
1567 610 1738 649 sempre

114 665 209 716 lege
237 677 262 704 a
292 664 429 716 quelli
459 665 620 704 alcuna
649 676 751 704 cosa
781 664 1028 714 spirituale.

220 730 273 769 Di
303 729 476 769 Biuona
506 730 583 768 alli
616 730 671 768 ΙΙο
700 729 744 769 di
776 729 997 768 Februaro
1030 728 1148 767 1561.

219 794 272 833 Di
303 794 353 834 V.
387 794 437 834 R.
470 794 516 833 P.
550 794 750 845 figliuolo
771 795 813 833 et
833 804 962 832 seruo
984 792 1191 843 indegno.
1218 793 1299 832 Per
1319 793 1639 832 eommessione
1669 793 1739 833 del

114 860 165 899 Pe
204 860 393 899 Rettore.

1198 947 1365 986 POETRO
1397 947 1623 987 BELLONIO
1655 951 1684 989 ¹.

865 1215 980 1262 490

461 1367 738 1417 GASPAR
775 1366 1377 1417 CANTAGALLINIUS

627 1515 740 1542 SENIS
764 1506 786 1541 9
812 1515 1036 1541 FEBRUARH
1074 1505 1160 1541 1561
1191 1505 1216 1540 2.

105 1643 143 1678 1.
177 1639 362 1689 Collegit*
390 1639 678 1677 incrementa.
713 1638 863 1676 Media
893 1637 951 1676 acl
979 1637 1242 1687 »religiosam
1276 1638 1592 1687 perfectionem
1634 1651 1738 1688 pro-

212 1704 476 1743 movendcmn
505 1703 718 1742 adhibita.
763 1725 815 1729 ——
845 1706 886 1741 2.
917 1704 975 1741 Ιή
1014 1704 1079 1741 rei
1122 1703 1373 1752 familiaris
1414 1704 1640 1753 angustiis
1670 1704 1738 1742 da·-

217 1771 369 1809 vimmn
412 1769 642 1808 celtccilium
685 1769 996 1818 experiuntur.
1029 1790 1079 1794 —
1110 1772 1151 1806 3.
1193 1768 1359 1807 Viclncte
1389 1769 1626 1807 cniusdam
1675 1769 1738 1807 be—

212 1835 458 1884 neficentia.
507 1857 558 1860 —
603 1837 647 1872 4.
695 1834 854 1872 Patris
901 1834 1087 1872 rectoris
1135 1835 1183 1872 in
1232 1835 1495 1872 (mimarum
1543 1835 1738 1873 salutem

212 1901 397 1940 labores.
434 1899 602 1938 Cantus
631 1901 788 1937 suavis
817 1900 932 1937 cives
962 1899 1019 1937 αᾱ
1050 1899 1263 1948 templum
1293 1899 1451 1937 allicit.
1476 1903 1584 1938 —5.
1607 1900 1737 1938 Scho-

213 1967 364 2004 larum
393 1965 540 2003 status
569 1965 608 2003 et
640 1964 867 2003 litteraria
897 1965 1123 2003 exercitia.
1148 1986 1198 1990 —-
1220 1968 1261 2002 6.
1284 1965 1340 2002 In
1371 1976 1545 2003 carcere
1574 1965 1737 2003 detenti

211 2043 356 2070 mores
386 2032 434 2069 in
464 2030 627 2069 melius
658 2030 850 2068 mmmm.
881 2051 928 2055 —
964 2033 1003 2067 ¹7.
1039 2030 1293 2068 Concursus
1338 2030 1395 2067 (ed
1433 2031 1732 2069 sacramenta.

208 2096 348 2135 Fabri
369 2096 608 2134 cuiusdam
628 2096 775 2134 virtus
807 2095 1038 2133 lcmdatur.
1062 2117 1113 2121 —
1135 2098 1233 2133 8-9.
1264 2095 1532 2133 Florentium
1555 2095 1737 2134 ducissa

209 2163 391 2212 collegio
439 2162 703 2212 opitulatur,
747 2161 1038 2211 praestemque
1085 2161 1211 2199 ‘urbis
1258 2161 1550 2199 commendat.
1612 2161 1738 2200 Cives

209 2228 329 2278 apud
359 2227 513 2266 ducem
538 2239 622 2277 pro
654 2227 836 2276 collegio
866 2226 1163 2265 intercedunt.

184 2363 219 2403 1.
249 2363 278 2413 ἦ·
308 2362 396 2402 Ihs.
430 2361 581 2402 Maria.
612 2385 663 2389 —
692 2360 843 2401 Gratia
874 2363 915 2400 et
962 2372 1048 2411 pax
1079 2360 1129 2400 Xi
1170 2372 1342 2412 semper
1372 2361 1535 2400 animis
1569 2360 1737 2400 nostris

102 2427 294 2467 insideat
324 2426 544 2479 [Breviter
573 2428 762 2466 scribere
792 2425 1056 2477 conabum-J
1089 2426 1250 2465 Paucis
1280 2428 1382 2465 ante
1412 2426 1641 2465 mensibus
1663 2425 1735 2465 de-

102 2504 195 2532 cem
225 2504 410 2532 numero
440 2492 598 2531 fratres
618 2491 857 2542 collegium
886 2491 970 2530 hoc
991 2503 1177 2530 senense
1211 2491 1480 2537 incolebant,
1504 2490 1736 2530 scholasti-

102 2569 254 2597 corum
271 2569 377 2597 uero
407 2557 639 2597 dumtaxat
667 2558 860 2608 quatuor
888 2556 936 2595 in
957 2556 1279 2607 presentiarum
1303 2556 1417 2596 facta
1438 2558 1503 2596 est
1524 2556 1734 2600 accessio,

102 2622 314 2662 maiorem
358 2622 611 2673 propediem
656 2621 747 2661 fore
790 2633 945 2661 omnes
988 2621 1259 2669 laboramus,
1292 2633 1625 2672 speramusque.
1672 2621 1736 2659 Ex

102 2688 174 2727 his
203 2699 360 2739 nempe
403 2690 492 2727 tres
535 2689 641 2727 sunt
674 2687 938 2734 sacerdotes,
985 2689 1289 2738 praeceptores
1332 2687 1435 2737 duo,
1481 2699 1593 2739 quos
1637 2689 1736 2726 octo

165 2868 174 2885 ¹
196 2865 290 2898 Vide
312 2865 407 2898 Litt.
437 2864 644 2905 Quadrim.
669 2865 731 2903 VI,
755 2865 828 2897 831.

163 2921 175 2938 '³
197 2919 250 2950 Ex
273 2927 398 2960 apogr.
424 2927 558 2951 coaevo
589 2918 629 2950 in
663 2918 741 2950 cod.
777 2918 885 2950 Rom.
921 2917 994 2949 126
1027 2916 1073 2950 A,
1108 2917 1144 2949 ff.
1182 2918 1329 2955 118-119,
1358 2918 1462 2959 prius
1496 2918 1561 2950 2-3.
1596 2917 1734 2957 Aliqua

101 2972 296 3004 emendata
319 2972 408 3004 sunt
430 2971 476 3004 ab
501 2971 636 3011 scriba,
661 2971 736 3003 alia
759 2980 781 3003 a
804 2970 975 3003 Polanco.
1001 2970 1124 3003 Huius
1147 2971 1426 3003 emendationes
1461 2971 1499 3003 in
1523 2970 1733 3002 annotatio-

100 3025 212 3057 nibus
235 3024 473 3064 exhibentur‚
497 3025 643 3057 retenta
666 3024 706 3056 in
729 3024 836 3056 textu
860 3024 978 3065 prima
1002 3024 1217 3065 scriptione.
1243 3025 1371 3057 Deleta
1394 3025 1433 3056 in
1456 3025 1574 3062 textu,
1593 3023 1732 3055 italicis

100 3077 238 3110 lit-teris
261 3078 448 3110 notamus.
