2099 3516
405 259 474 294 5102
875 258 1079 294 er'rERAE
1117 258 1460 302 QUADRIMESTRES

356 377 546 416 tulisset.
579 376 776 417 Scilicet:
808 377 915 416 haec
944 376 1122 415 illorum
1152 377 1217 414 est
1250 386 1353 425 erga
1388 374 1526 414 Deum
1556 376 1598 413 et
1626 374 1877 425 proximum
1907 374 1973 413 in·

359 441 502 491 signis
530 441 685 491 pietas,
712 452 825 491 quae
854 441 909 480 ad
939 439 1378 491 praeuaricationem,
1401 450 1450 477 ac
1480 438 1768 478 defectionem
1799 439 1854 477 ab
1884 438 1975 478 illis

360 505 416 544 ad
445 504 643 553 Chrum.,
676 506 840 544 bonum
875 506 993 544 hunc
1023 504 1290 543 sacerdotem
1334 503 1490 553 coegit.
1524 502 1668 542 Seruit
1698 503 1785 542 iam
1814 514 1976 553 paupe-

360 569 484 608 ribus
512 569 559 608 in
588 569 878 610 xenodochio.

438 634 503 672 49.
536 633 661 673 Circa
689 634 804 673 idem
834 636 1008 685 tempus
1040 633 1105 672 vir
1134 632 1315 683 quidam
1346 632 1436 670 Deo
1465 631 1653 679 dicatus,
1678 630 1851 681 pietate,
1878 631 1978 670 doc-

359 698 476 737 trina
504 698 859 749 authoritateque
889 699 1003 738 inter
1034 709 1239 737 morauos
1270 696 1397 735 facile
1435 696 1655 746 princeps,
1688 707 1738 734 ac
1768 695 1974 746 insignis,

361 765 408 802 ut
433 762 593 809 ferunt,
616 763 834 813 seraphici
856 763 1048 802 instituti
1070 762 1363 807 contionator,
1386 772 1485 800 cum
1511 760 1645 799 semel
1667 762 1798 810 atque
1818 760 1975 799 iterum

360 827 447 866 huc
476 827 531 866 ad
559 827 791 878 collegium
824 829 1025 866 nostrum
1064 827 1241 865 diuersa
1284 825 1513 875 opuscula,
1545 826 1632 863 tam
1678 824 1815 863 latina
1844 835 1977 875 quam

359 891 625 942 germanica,
657 904 682 930 a
711 904 757 931 se
786 892 1028 942 composita
1072 890 1407 937 transmisisset,
1439 901 1527 928 non
1571 888 1796 939 acquieuit
1837 888 1975 939 prius,

359 968 493 1007 quam
522 957 688 1004 eadem,
719 968 832 1007 (11136
863 959 1110 996 110611011111]
1150 955 1280 994 1111136
1324 953 1557 993 11111111111116
1599 953 1879 1000 submiserat,
1910 965 1978 992 63-

361 1021 523 1072 stigata
553 1021 774 1071 reciperet.

440 1086 504 1125 50.
538 1085 734 1125 Contulit
764 1086 914 1125 eodem
947 1088 1140 1136 tempore
1184 1086 1384 1123 maturus
1430 1083 1594 1133 pariter
1622 1094 1672 1122 ac
1700 1082 1816 1133 pius,
1847 1082 1979 1121 eccle-

362 1150 530 1190 siastici
559 1151 744 1198 ordinis,
793 1151 949 1190 doctus
995 1150 1176 1201 quidam
1216 1148 1286 1187 uir
1314 1149 1367 1187 de
1396 1147 1533 1186 animi
1563 1148 1632 1187 sui
1663 1147 1976 1193 anxietatibuS,

362 1215 502 1266 deque
543 1216 838 1255 conscientiae
885 1215 1115 1254 timoratae
1144 1213 1366 1264 scrupulis
1395 1224 1493 1252 cum
1524 1212 1688 1252 nostris
1718 1223 1807 1251 non
1836 1212 1979 1262 abque

362 1280 522 1319 fructu.

441 1345 505 1384 51.
539 1345 657 1384 Haec
686 1347 804 1391 sunt,
837 1345 887 1384 R.
918 1343 1153 1383 admodum
1186 1343 1232 1382 in
1262 1342 1391 1382 Chro.
1425 1342 1490 1388 Ρ.,
1522 1341 1575 1380 (16
1595 1341 1759 1392 quibus
1780 1341 1831 1380 R.
1856 1341 1903 1381 P.
1928 1340 1976 1380 T.

362 1409 589 1449 certiorem
620 1409 741 1449 hisce
770 1409 910 1449 literis
948 1408 1127 1448 reddere
1174 1407 1427 1454 statuimus,
1458 1418 1523 1453 ea,
1555 1418 1667 1457 quae
1698 1405 1882 1445 minoris
1911 1405 1980 1445 ui-

363 1475 581 1514 debantur
611 1475 836 1521 momenti,
868 1474 1106 1525 prudenter
1134 1472 1546 1523 praetermittentes.

442 1539 506 1578 52.
540 1539 788 1578 Extremam
817 1539 889 1578 his
918 1537 1057 1577 literis
1087 1538 1381 1588 imposueram
1426 1547 1607 1575 manum
1636 1547 1735 1575 cum
1765 1547 1787 1574 e
1816 1534 1980 1575 nostris

363 1604 543 1655 quidam
577 1603 683 1642 mihi
715 1603 877 1649 retulit,
909 1614 1037 1653 (11136,
1087 1602 1173 1641 iam
1203 1600 1556 1640 commemoratis
1586 1602 1633 1640 ut
1662 1600 1977 1651 adiungantur,

363 1681 453 1708 non
488 1669 696 1708 uidentur
725 1668 922 1719 indigna.

441 1734 506 1773 53.
540 1733 661 1772 Adeo
691 1733 990 1783 infrequentes
1020 1731 1106 1771 uisi
1137 1733 1242 1770 sunt
1275 1731 1490 1770 hactenus
1532 1729 1730 1781 germani
1774 1729 1980 1768 catholici

363 1798 611 1837 sacerdotes
640 1798 695 1836 ad
725 1799 1047 1836 sacramentum
1097 1795 1394 1847 poenitentiae
1441 1806 1679 1842 accurrere,
1722 1796 1769 1834 ut
1799 1794 1979 1845 quidam

363 1874 453 1901 non
483 1862 687 1901 indoctus
716 1861 917 1912 alioquin
949 1861 1039 1911 (qui
1070 1872 1122 1899 ex
1152 1859 1475 1904 haeretis-isam,
1499 1859 1543 1897 in
1566 1871 1653 1908 quo
1675 1858 1817 1898 fuerat
1833 1859 1978 1901 natus,

364 1929 495 1977 atque
525 1927 580 1965 ab
611 1928 811 1976 utroque,
844 1926 915 1964 uel
945 1926 1082 1964 altero
1111 1926 1224 1963 certe
1254 1926 1433 1975 parente
1481 1923 1676 1962 eiusdem
1706 1923 1875 1961 farinae
1904 1922 1981 1961 diu

363 1992 590 2038 educatus,
640 1991 694 2030 ad
741 1990 1136 2035 christianismum,
1187 1990 1371 2028 ueritate
1418 2001 1517 2027 eum
1552 1988 1855 2038 compellente,
1887 1999 1982 2027 sese

363 2057 617 2095 constanter
644 2055 847 2105 contulit.)
879 2066 1137 2105 persuasum
1170 2054 1308 2092 multo
1338 2056 1531 2103 1611111016
1561 2052 1779 2099 habuerit,
1807 2052 1980 2091 nullum

364 2132 459 2160 esse
488 2120 806 2159 catholicorum
849 2119 1141 2164 sacerdotum,
1186 2118 1262 2169 qui
1306 2118 1376 2157 uel
1420 2117 1715 2163 confiteretur,
1751 2117 1823 2156 uel
1852 2117 1907 2155 ad
1937 2117 1981 2156 id

365 2186 614 2225 faciendum
658 2185 752 2235 lege
795 2186 1028 2223 teneretur.
1080 2184 1286 2222 Attamen
1316 2183 1519 2222 effectum
1548 2184 1627 2229 est,
1660 2182 1742 2221 hoc
1772 2184 1979 2232 tempore,

365 2251 455 2290 Deo
485 2250 597 2298 laus,
629 2249 828 2299 exemplo
871 2250 913 2287 et
955 2248 1260 2287 exhortatione
1303 2250 1571 2295 nostrorum,
1605 2248 1652 2286 ut
1681 2246 1820 2285 maior
1849 2246 1907 2285 sit
1936 2246 1982 2285 in

366 2316 475 2366 ipsis
508 2314 825 2360 sacerdotibus,
857 2313 933 2364 qui
963 2312 1178 2351 haeresim
1210 2324 1299 2351 non
1328 2312 1523 2362 sapiunt,
1555 2323 1657 2362 erga
1678 2313 1878 2350 sanctum
1900 2311 1982 2350 hoc

365 2372 689 2419 sacramentum
720 2378 866 2417 feruor
895 2380 936 2416 et
965 2377 1225 2416 reuerentia.
1258 2376 1324 2423 Et,
1357 2379 1403 2415 ut
1434 2376 1487 2415 (16
1517 2376 1619 2427 alijs
1640 2378 1821 2423 taceam,
1843 2387 1984 2426 nuper

365 2445 546 2496 quidam
576 2456 664 2483 non
695 2445 758 2483 est
789 2443 1029 2482 arbitratus
1058 2454 1104 2481 se
1134 2442 1286 2481 fecisse
1316 2441 1424 2480 satis
1472 2441 1675 2488 Domino,
1719 2440 1790 2479 cui
1833 2440 1983 2479 omnia

366 2510 542 2555 uiuunt,
574 2520 624 2548 ac
653 2508 869 2555 seruiunt,
901 2507 1014 2557 quod
1049 2506 1298 2556 frequenter
1326 2506 1606 2545 confiteretur
1634 2505 1687 2544 de
1712 2505 1979 2552 uenialibus,

365 2574 453 2614 nisi
484 2586 510 2612 a
537 2572 808 2613 confessario
851 2584 932 2611 suo
975 2571 1203 2610 humiliter
1245 2571 1522 2621 impetrasset
1563 2570 1656 2609 fieri
1695 2569 1778 2608 sibi
1810 2569 1982 2620 copiam

366 2638 629 2678 instituendi
676 2639 953 2688 peccatorum
1002 2635 1137 2674 totius
1187 2635 1300 2674 vitae
1346 2635 1682 2682 confessionem,
1714 2646 1764 2673 ac
1793 2633 1983 2690 maxime

365 2715 531 2748 eorum,
563 2704 616 2742 de
644 2702 822 2753 quibus,
855 2713 960 2740 num
990 2701 1103 2739 esset
1133 2702 1262 2738 antea
1290 2700 1535 2747 confeSSUS,
1569 2699 1723 2738 merito
1744 2697 1978 2738 dubitaret.

368 2768 461 2806 Hoc
492 2767 567 2807 ubi
598 2767 760 2805 factum
803 2768 884 2812 est,
915 2763 1146 2803 confestim
1178 2764 1311 2813 (quod
1341 2763 1458 2814 alijs,
1492 2766 1539 2802 ut
1566 2766 1632 2802 661
1660 2764 1981 2802 sacramentum

367 2831 664 2883 poenitentiae
693 2829 1049 2875 saluberrimum,
1081 2828 1257 2867 euenire
1287 2840 1376 2867 non
1407 2840 1505 2867 raro
1543 2827 1669 2878 solet)
1700 2827 1817 2866 serui
1861 2826 1984 2865 illius

368 2898 447 2937 Dei
476 2898 631 2948 pietas,
664 2898 796 2946 atque
824 2893 1120 2934 asseruandae
1149 2893 1323 2932 animae
1352 2893 1558 2943 puritatis
1596 2904 1700 2932 cura
1730 2891 1984 2931 solicitudo-

368 2975 453 3015 que
482 2963 579 3002 uisa
609 2963 675 3001 est
703 2961 1021 3000 incrementum
1051 2958 1160 2997 satis
1189 2958 1436 3009 suscepisse
1467 2969 1690 3008 magnum.
