2099 3516
415 248 485 284 504
758 244 761 246 ’
885 249 1089 286 LITTERAE
1123 249 1468 294 QUADmMEsTREs

369 366 572 417 hispanis
600 366 884 418 quibusdam,
914 379 1025 418 quos
1055 368 1203 417 gratos
1231 366 1371 405 eidem
1415 366 1589 406 Rectori
1632 367 1829 417 putabat.
1876 366 1986 407 Cum

368 432 514 470 autem
547 431 703 470 Rector
731 431 866 470 nimis
895 431 1016 471 tarde
1045 431 1128 471 hoc
1157 443 1181 470 a
1211 430 1376 469 nostris
1404 430 1621 470 auxilium
1653 430 1838 481 petitum
1859 431 1987 471 intel-

368 495 562 542 lexisset,
593 495 638 535 id
666 497 814 535 tamen
843 496 1008 535 efficere
1042 496 1278 541 nitebatur,
1310 494 1429 545 quod
1457 496 1499 534 et
1528 495 1691 534 factum
1712 497 1792 542 est,
1816 497 1865 535 ut
1884 507 1987 546 sup·

368 559 506 610 plicij,
537 571 587 599 ac
616 560 730 600 latae
759 560 1002 599 sententiae
1031 559 1290 610 exsequutio
1320 558 1491 609 aliquot
1510 559 1667 598 diebus
1688 559 1987 600 differreretur

367 624 474 677 [sic]
488 641 501 674 ,·
529 625 667 665 donec
699 626 831 665 uerbo
861 627 1005 673 tenus,
1037 627 1113 664 aut
1142 625 1304 675 scripto
1338 624 1489 675 aliquo
1518 624 1862 664 clementissimo
1884 624 1987 665 Cae-

368 690 456 728 sari
486 690 624 728 animi
654 690 724 730 sui
754 690 1037 729 afflictionem
1068 689 1137 729 uir
1166 689 1254 736 ille,
1286 688 1603 728 desolationem
1634 688 1828 728 filiorum
1849 692 1987 729 coete-

368 766 503 805 raque
532 754 811 794 incommoda
840 755 967 805 plene
996 756 1196 804 exponet.

446 819 510 858 029.
544 820 747 870 Aegrotis
777 821 826 859 ut
854 831 981 870 opem
1012 820 1173 858 ferrent
1202 830 1278 869 per
1307 818 1533 858 ciuitatem
1565 819 1705 858 nostri
1735 819 1986 870 frequenter

367 883 438 923 his
468 886 659 934 quatuor
687 885 914 924 mensibus
945 884 1086 924 uocati
1112 884 1244 923 fuere.
1269 883 1395 932 Quod
1416 885 1465 923 ut
1485 884 1704 935 religiose,
1728 884 1788 923 ita
1809 895 1986 935 quoque

367 959 467 987 cum
497 949 737 987 multorum
766 948 1070 988 aedificatione
1099 960 1149 987 ac
1178 947 1338 987 solatio
1369 950 1520 987 nostro
1551 948 1645 987 fieri
1675 948 1801 988 solet.

445 1012 510 1052 30.
543 1012 619 1051 Est
649 1013 715 1051 vir
742 1013 922 1064 quidam
952 1013 1148 1052 Viennae
1178 1024 1278 1051 cum
1308 1012 1493 1051 honesta
1523 1024 1603 1051 sua
1623 1012 1811 1063 coniuge
1833 1012 1985 1063 pietati

366 1076 556 1116 deditus.
590 1078 632 1116 Is
662 1077 911 1128 frequenter
940 1077 1232 1116 melancholia
1262 1077 1469 1127 quadam,
1501 1079 1577 1116 aut
1605 1077 1755 1116 nescio
1784 1089 1872 1128 qua
1896 1077 1986 1116 alia

366 1140 636 1186 infirmitate,
667 1143 911 1192 cunctaque
945 1141 1238 1192 suppellectili
1269 1141 1324 1180 ad
1354 1141 1706 1192 desperationem
1736 1153 1877 1192 usque
1897 1141 1986 1180 fere

365 1204 565 1245 laborare
594 1206 718 1245 solet.
751 1206 912 1246 Verum
943 1209 1064 1245 tanta
1094 1208 1159 1245 est
1188 1206 1284 1245 eius
1317 1206 1469 1256 pietas,
1503 1208 1742 1257 tantusque
1776 1217 1879 1256 erga
1909 1205 1985 1245 So-

366 1269 565 1309 cietatem
596 1270 794 1319 affectus,
818 1273 865 1310 ut
885 1271 954 1310 vel
975 1271 1069 1309 sola
1090 1271 1338 1321 praesentia
1358 1272 1609 1310 nostrorum
1636 1273 1766 1322 atque
1787 1270 1985 1321 alloquio

366 1333 515 1373 labore
545 1335 627 1374 hoc
656 1336 969 1375 molestissimo
999 1348 1020 1374 e
1053 1335 1237 1386 vestigio
1267 1335 1491 1374 liberetur.

444 1399 510 1438 31.
543 1398 751 1439 Curatum
781 1403 846 1439 est
875 1400 1006 1439 etiam
1040 1403 1085 1439 ut
1114 1400 1182 1439 vel
1203 1400 1319 1439 mala
1340 1400 1555 1450 quaedam
1577 1399 1798 1450 grauiora,
1821 1399 1985 1450 quibus

366 1463 531 1513 passim
562 1462 797 1503 Germania
826 1466 915 1503 tota
946 1464 1189 1503 miserrime
1218 1464 1467 1511 diuexatur,
1499 1476 1551 1503 ex
1581 1464 1752 1515 integro
1781 1464 1985 1503 tolleren-

366 1528 451 1574 tur,
484 1528 555 1567 uel
585 1528 640 1578 ijs
672 1529 828 1568 modus
870 1529 1034 1579 aliquis
1076 1529 1374 1575 adhiberetur,
1420 1541 1474 1568 ne
1523 1531 1586 1578 (ut
1617 1529 1806 1568 maxime
1835 1529 1880 1568 id
1909 1540 1984 1567 an-

366 1591 518 1642 tiquus
546 1593 703 1640 hostis,
735 1605 814 1644 pro
843 1594 1156 1633 scelestissima
1185 1594 1263 1632 illa
1292 1606 1373 1633 sua
1403 1605 1490 1644 qua
1511 1594 1558 1633 in
1579 1605 1719 1644 genus
1738 1594 1983 1633 humanum

366 1655 503 1695 fertur
544 1657 730 1704 inuidia,
776 1660 972 1704 conetur)
1017 1660 1103 1697 tam
1148 1659 1276 1697 multi
1320 1658 1621 1709 imprudentes
1659 1658 1980 1709 opprimantur.

366 1720 460 1770 Qua
491 1722 537 1760 in
567 1734 626 1769 re,
649 1723 856 1773 quamuis
877 1736 963 1762 non
985 1726 1049 1763 est
1071 1724 1180 1762 forte
1200 1724 1363 1774 optatis
1384 1723 1558 1773 piorum
1579 1736 1749 1775 semper
1769 1724 1983 1774 pleneque

364 1784 564 1825 effectum
596 1787 719 1834 satis,
752 1799 842 1826 non
870 1789 935 1826 est
964 1790 1110 1826 tamen
1131 1789 1259 1834 certe,
1282 1788 1373 1826 Deo
1393 1788 1506 1835 laus,
1531 1788 1693 1827 frustra
1715 1788 1978 1827 laboratum.

365 1849 475 1889 Nam
506 1862 595 1890 non
625 1851 685 1890 ita
714 1852 850 1891 libere
879 1855 1098 1902 aperteue,
1130 1855 1207 1891 aut
1235 1853 1440 1892 haereses
1469 1855 1755 1903 sparguntur,
1788 1854 1864 1892 aut
1885 1865 1982 1903 gra-

365 1915 491 1954 uiora
538 1916 653 1955 mala
701 1917 1000 1967 perficiuntur.
1052 1918 1144 1956 Imo
1192 1930 1296 1957 uero
1338 1917 1484 1957 acrius
1514 1918 1646 1957 solito
1675 1918 1983 1969 delinquentes

364 1979 686 2031 qu[a]eruntur,
718 1983 761 2020 et
789 1982 971 2032 grauius
1003 1982 1262 2032 puniuntur.
1313 1982 1397 2032 Qui
1445 1983 1481 2022 si
1522 1983 1636 2022 serio
1666 1984 1984 2022 conuertantur

364 2044 418 2083 ad
449 2045 617 2096 frugem
639 2046 878 2093 meliorem,
902 2059 991 2085 non
1012 2047 1248 2086 admodum
1270 2047 1495 2087 difficilem
1516 2048 1571 2087 ad
1587 2047 1981 2098 consequulionem

364 2108 518 2148 veniae
547 2109 785 2149 inueniunt
813 2111 981 2150 aditum
1013 2119 1044 2150 ²¹.

441 2174 506 2213 302.
539 2174 620 2213 His
650 2175 797 2226 itaque
826 2177 957 2226 atque
978 2176 1079 2227 aliJ's
1100 2176 1235 2216 huius
1255 2176 1428 2227 generis
1449 2177 1623 2228 officijs,
1646 2188 1759 2228 quae
1780 2179 1982 2216 nostrum

363 2250 389 2277 a
418 2239 547 2278 nobis
577 2239 830 2279 institutum
861 2240 954 2280 iure
983 2253 1064 2280 suo
1093 2241 1243 2292 exigit,
1275 2241 1335 2280 ita
1365 2242 1598 2293 collegium
1649 2242 1732 2281 hoc
1779 2243 1981 2281 nostrum

363 2304 646 2354 oppinionem
682 2305 803 2344 illam
834 2317 883 2344 ac
913 2318 1049 2356 spem,
1081 2319 1211 2357 quam
1235 2307 1369 2346 semel
1390 2308 1443 2346 de
1463 2319 1509 2346 se
1529 2307 1784 2354 concitauit,
1808 2308 1977 2352 tuetur;

362 2380 412 2408 ac
441 2370 769 2418 authoritatem,
801 2370 1075 2421 gratiamque
1117 2371 1234 2422 apud
1276 2383 1430 2411 omnes
1476 2372 1678 2412 cuiusuis
1707 2371 1902 2411 nationis
1931 2383 1981 2410 ac

362 2435 504 2473 status
533 2434 736 2473 homines
765 2435 811 2474 in
841 2435 935 2474 dies
964 2436 1064 2482 sibi,
1088 2448 1137 2475 ac
1158 2436 1364 2476 Societati
1388 2437 1595 2476 minimae
1617 2439 1793 2476 nostrae
1814 2436 1978 2487 potius,

365 2498 587 2545 maiorem,
619 2499 773 2538 diuina
801 2511 897 2550 ope,
929 2502 1163 2550 comparet.
1198 2501 1291 2540 Hoc
1319 2503 1464 2541 autem
1496 2501 1542 2540 in
1573 2513 1781 2552 magnum
1803 2501 1882 2540 Dei
1903 2501 1981 2541 ho-

362 2574 513 2602 norem
543 2563 774 2614 maiusque
808 2564 1108 2614 proximorum
1156 2567 1435 2605 commodum
1483 2566 1651 2613 cadere,
1701 2566 1828 2606 facile
1874 2566 1981 2605 hinc

361 2628 518 2667 euadet
548 2628 844 2667 manifestum.
877 2628 986 2668 Nam
1016 2641 1105 2668 non
1136 2630 1266 2669 modo
1287 2631 1496 2670 austriaci
1518 2643 1686 2677 omnes,
1709 2631 1785 2670 sed
1806 2630 1977 2679 bauari,

361 2692 553 2739 bohemi,
602 2692 769 2743 poloni,
818 2693 1025 2744 hungari,
1074 2695 1276 2745 hylyrici,
1326 2696 1500 2743 flandri,
1549 2696 1672 2747 galli,
1703 2696 1836 2735 etiam
1865 2695 1977 2743 itali,

361 2756 551 2807 hyspani
580 2768 769 2808 quoque,
801 2760 932 2808 atque
952 2758 1083 2805 slaui,
1106 2760 1238 2809 atque
1258 2762 1446 2809 croatae,
1471 2760 1704 2800 mediocris
1720 2760 1980 2810 altiorisque

361 2821 629 2860 conditionis
658 2821 874 2869 homineS,
907 2822 1022 2861 filios
1059 2824 1391 2864 amantissimos
1434 2837 1539 2865 suos
1582 2825 1682 2864 fidei
1725 2827 1978 2864 nostrorum

422 3000 440 3019 a
460 2991 627 3023 additum
654 3000 724 3024 ms.
