2099 3516
406 259 476 295 576
878 258 1081 295 [ΛΤΤΕΒΑΕ
1108 258 1451 303 QUADRIMESTRES

361 379 512 417 nostra
532 377 578 416 in
599 376 781 416 ecclesia
801 377 1096 416 conscientias
1125 388 1229 416 suas
1259 379 1454 416 reserant
1484 384 1516 423 ³¹,
1548 389 1598 417 ac
1626 377 1754 417 sinus
1778 378 1974 418 crebrius

361 442 524 481 nostris
552 441 801 489 effundunt,
833 444 875 481 et
904 443 1061 481 octauo
1099 453 1274 492 quoque
1310 440 1380 480 die
1415 441 1711 489 comunicant,
1742 444 1846 482 sunt
1876 443 1976 494 plus

362 507 509 547 minus
555 507 747 546 ducenti.
797 506 938 556 Quam
982 506 1053 545 isti
1099 517 1267 553 omneS,
1313 506 1604 545 saluberrima
1647 507 1976 557 frequentantes

360 573 648 619 sacramenta,
681 571 838 621 ingens
868 571 1048 610 fecerint
1078 571 1123 609 in
1154 570 1315 609 virtute
1354 582 1483 620 opere
1520 571 1730 621 precium,
1767 571 1882 611 vitae
1912 584 1977 612 ra-

360 636 480 676 tione
509 636 555 675 in
587 636 744 675 melius
783 638 1062 686 permuttata,
1100 635 1167 674 vel
1196 646 1249 673 ex
1278 635 1361 674 hoc
1395 635 1522 674 liceat
1568 636 1844 685 potissimum
1884 648 1976 687 per-

360 701 550 752 spicere,
582 701 701 740 haud
731 700 906 751 priuato
936 700 1098 750 quippe
1132 699 1429 738 emolumento
1466 700 1676 747 contenti,
1708 701 1820 740 alios
1848 701 1903 740 ad
1933 701 1977 740 id

361 766 507 816 ipsum
537 765 760 815 impellere
780 766 822 804 et
844 765 1071 804 inilamare
1102 764 1335 811 festinant3
1368 764 1486 815 quod
1515 765 1651 804 dubio
1680 766 1832 816 procul
1861 778 1976 806 asse-

360 832 571 881 quuntur.
604 829 687 879 Qui
718 829 1077 875 solemnioribus,
1100 831 1142 867 et
1163 829 1373 867 festorum
1405 828 1576 875 diebus,
1610 829 1743 869 veluti
1773 830 1977 881 deiparae

360 894 558 945 Virginis
586 896 626 933 et
657 894 987 944 Apostolorum,
1033 892 1323 932 sacramentis
1365 893 1611 943 indulgent,
1656 905 1867 934 numerus
1909 907 1976 935 ac—

359 958 528 998 crescit.
561 957 736 998 Christo
765 958 821 997 sit
852 960 1030 996 aeterna
1059 958 1171 998 laus.
1212 957 1288 1008 qui
1318 959 1406 996 tam
1438 958 1757 1008 presentissimi
1796 959 1975 1011 remedij

359 1024 414 1063 ad
443 1023 782 1074 comparandam
818 1024 860 1061 et
897 1022 1170 1061 retinendam
1214 1022 1283 1061 sui
1326 1022 1585 1061 charitatem
1629 1023 1855 1073 pervtilem
1899 1024 1977 1063 im-

360 1088 548 1139 partitur
576 1087 815 1126 notionem.
849 1087 930 1126 Hic
960 1087 1140 1126 Patrum
1161 1088 1412 1126 nostrorum
1435 1086 1489 1126 ad
1511 1087 1602 1126 illis
1621 1088 1976 1129 subueniendum

358 1152 535 1192 animus
563 1151 582 1178 b
622 1151 929 1202 paratissimus
973 1151 1109 1190 nullis
1153 1151 1415 1190 manifestus
1458 1163 1547 1190 non
1585 1153 1662 1192 est.
1697 1151 1792 1201 Quo
1835 1153 1897 1200 fit,
1930 1155 1977 1193 ut

359 1217 554 1256 marchio
584 1217 680 1267 ipsa
711 1218 739 1263 1,
770 1217 949 1266 totaque
984 1216 1081 1255 eius
1115 1218 1157 1255 et
1196 1216 1429 1266 progenies
1458 1217 1499 1255 et
1528 1216 1697 1255 familia
1727 1217 1891 1257 nostris
1919 1217 1977 1257 sit

358 1281 588 1321 affectione
632 1280 742 1320 mira
783 1280 1043 1327 coniuncta;
1092 1292 1262 1319 necnon
1302 1282 1344 1319 et
1388 1280 1480 1331 ipse
1525 1281 1731 1331 populus,
1763 1281 1818 1321 ad
1847 1294 1976 1333 quem

358 1357 455 1386 cum
504 1344 790 1396 euangelicus
833 1345 907 1384 ille
952 1356 1078 1395 preco
1123 1345 1243 1384 haud
1298 1344 1511 1395 vulgaris,
1566 1345 1776 1395 magister
1827 1346 1974 1395 Auila,

358 1410 607 1450 contionem
638 1410 832 1457 haberet,
870 1409 1067 1448 foelicem
1106 1409 1293 1448 eunden]
1333 1409 1559 1448 Montillae
1598 1410 1810 1461 populum
1848 1411 1974 1459 dixit,

358 1475 428 1515 cui
458 1474 690 1515 Societatis
727 1474 961 1524 collegium
1001 1474 1046 1513 in
1085 1485 1209 1513 suam
1251 1473 1384 1524 recipi
1419 1474 1735 1524 rempublicam
1777 1475 1975 1527 contigit.

359 1540 440 1579 Tot
469 1539 602 1587 enim,
634 1539 793 1590 inquit,
828 1551 904 1578 vos
934 1539 1094 1578 habere
1125 1538 1345 1589 mancipia
1375 1538 1543 1578 debetis
1573 1539 1839 1587 existimare,
1871 1542 1978 1591 quot

359 1604 517 1644 videtis
546 1606 647 1643 ante
668 1604 896 1643 domorum
922 1605 1164 1642 vestrarum
1186 1603 1344 1642 ianuas
1369 1602 1600 1643 Societatis
1620 1603 1740 1643 viros
1761 1606 1979 1655 pertrans-

359 1669 435 1709 ire.
468 1669 618 1720 Neque
648 1668 694 1708 in
724 1669 806 1708 hoc
836 1669 929 1707 falli
960 1680 1005 1707 se
1049 1670 1163 1707 certe
1202 1670 1372 1719 putant.
1415 1667 1752 1719 Componuntur
1788 1669 1905 1709 enim
1952 1682 1978 1709 a

359 1734 524 1774 nostris
552 1745 652 1773 cum
682 1733 760 1772 Dei
791 1733 931 1784 gratia
961 1733 1127 1772 ciuium
1168 1733 1283 1779 lites,
1324 1732 1543 1772 tolluntur
1573 1733 1737 1784 jurgia,
1774 1734 1979 1775 visuntur

359 1811 554 1850 carceres
597 1801 639 1838 et
682 1798 936 1849 hospitalia,
982 1798 1054 1837 vbi
1090 1800 1131 1837 et
1160 1798 1288 1849 officij
1320 1800 1362 1837 et
1402 1798 1577 1849 pietatis
1620 1799 1807 1838 habetur
1849 1799 1975 1840 ratio.

360 1864 477 1914 Quin
506 1872 521 1889 ⁰
550 1866 592 1903 et
620 1875 698 1914 pro
728 1863 1041 1913 extinguendis
1072 1874 1313 1914 pauperum
1344 1863 1513 1910 litibus,
1537 1863 1573 1902 si
1604 1864 1783 1914 quando
1812 1876 1836 1903 a
1866 1864 1978 1903 diui·

360 1929 480 1969 tibus
508 1928 830 1979 opprimantur,
862 1930 939 1967 aut
967 1930 1158 1978 egestate
1203 1928 1417 1972 laborent,
1463 1928 1611 1967 aditur
1652 1928 1848 1968 marchio
1882 1929 1977 1980 ipsa

359 2006 384 2033 a
404 1994 584 2041 nostris,
606 1993 734 2032 cuius
755 1992 815 2031 rei
838 1992 996 2032 certior
1026 1992 1153 2038 facta,
1187 1992 1359 2031 nullum
1392 2004 1480 2031 non
1509 1992 1690 2032 adhibet
1719 1993 1973 2033 huiusmodi

358 2058 687 2098 calamitatibus
717 2057 972 2096 remedium.
1007 2057 1151 2107 Atque
1183 2057 1384 2107 ipsamet,
1416 2057 1453 2096 si
1484 2057 1720 2108 quicquam
1752 2058 1862 2097 forte
1891 2058 1977 2097 dis-

360 2123 462 2163 sidii
492 2122 510 2149 ‘³
536 2123 650 2162 inter
679 2134 725 2161 se
754 2134 803 2161 ac
832 2122 948 2161 filios
982 2122 1198 2161 oriturum
1239 2122 1536 2162 subodoratur
1576 2124 1704 2173 (quae
1742 2123 1884 2174 ipsius
1912 2125 1978 2162 est

360 2188 406 2227 in
435 2200 516 2227 sua
546 2187 730 2238 pignora
760 2186 924 2225 amoris
955 2186 1217 2233 teneritudo,
1242 2198 1470 2237 nunquam
1493 2187 1536 2226 id
1562 2189 1791 2227 venturum
1823 2188 1978 2227 timen-

359 2253 464 2292 dum
494 2254 575 2300 est,
605 2264 656 2291 eo
686 2251 802 2302 quod
835 2251 1003 2301 parenti
1048 2263 1154 2290 suae
1197 2251 1613 2302 indulgentissimae
1655 2252 1734 2303 filij
1780 2252 1884 2300 sint,
1931 2254 1977 2292 ut

360 2317 509 2368 magni
539 2316 760 2367 principes
790 2316 851 2355 ita
880 2317 921 2354 et
950 2315 1334 2367 obedientissimi),
1367 2315 1515 2355 statim
1546 2316 1601 2355 ad
1632 2319 1806 2356 nostros
1836 2329 1978 2356 recur-

360 2383 417 2422 rit
450 2390 480 2429 θ,
513 2381 640 2433 quasi
659 2393 817 2432 parens
846 2380 859 2406 f
883 2380 978 2419 suis
999 2380 1115 2419 natis
1136 2380 1346 2426 efficiens,
1369 2392 1507 2431 eaque
1536 2388 1553 2414 g
1575 2381 1842 2427 manifestat,
1865 2392 1978 2433 quae

361 2448 449 2487 imo
478 2447 672 2486 insident
700 2445 719 2471 ¹¹
751 2445 936 2496 pectori;
971 2446 1131 2483 bonam
1163 2445 1372 2484 nimirum
1408 2445 1477 2485 sui
1508 2446 1654 2497 solatij
1689 2448 1852 2496 partem
1883 2457 1978 2485 esse

360 2515 453 2552 rata
496 2512 548 2551 de
578 2511 648 2551 his
679 2512 809 2550 rebus
839 2521 939 2549 cum
979 2509 1142 2548 nostris
1185 2521 1327 2560 agere.
1361 2510 1423 2549 De
1453 2510 1609 2549 maiori
1653 2513 1799 2550 autem
1842 2511 1977 2550 huius

360 2578 518 2617 domus
560 2576 858 2616 emolumento
900 2574 1033 2613 anxia
1075 2574 1354 2624 sollicitaque
1397 2587 1568 2626 semper
1609 2577 1741 2615 extat.
1792 2574 1900 2615 Cum
1931 2576 1977 2616 in

422 2780 440 2799 a
460 2771 583 2803 Prius
606 2770 803 2802 resserant.
820 2788 856 2791 —
879 2768 897 2795 b
918 2767 1078 2800 Emend.
1103 2777 1149 2799 er
1165 2767 1313 2800 animis.
1341 2786 1380 2790 —
1403 2775 1420 2796 ο
1438 2767 1599 2801 Emend.
1624 2778 1671 2801 em
1693 2769 1794 2810 quim
1818 2788 1857 2792 —
1876 2769 1895 2796 d
1918 2770 1978 2802 de·
2013 2787 2015 2789 ·

361 2825 445 2866 sidij
463 2834 533 2856 ms.
558 2843 597 2846 —
621 2832 636 2850 e
656 2822 780 2854 Prius
796 2821 969 2854 decurrit.
994 2839 1033 2842 —
1057 2820 1069 2845 f
1093 2828 1199 2860 pares
1222 2819 1267 2851 A.
1292 2839 1331 2842 —
1354 2828 1373 2854 g
1392 2830 1435 2852 ea
1451 2830 1546 2862 quae
1562 2831 1633 2854 ms,
1650 2840 1690 2844 —-
1707 2821 1724 2848 h
1746 2822 1913 2854 insidens
1928 2822 1974 2854 A,

423 3016 431 3033 ¹
455 3014 658 3047 Catharina
682 3011 890 3044 Fernandez
913 3010 957 3042 de
979 3008 1154 3047 cordoba,
1179 3009 1343 3041 marchio
1365 3010 1409 3041 de
1432 3009 1571 3051 Priego,
1601 3010 1745 3051 collegii
1775 3010 1973 3043 fundatrix.
