2099 3516
413 260 484 296 280
883 260 1086 297 Liri-Enixa
1120 260 1463 305 QUADRIMESTRES

368 378 407 417 is
435 390 558 418 sacer
576 378 709 418 ludus
737 379 790 418 ad
814 378 1050 417 multorum
1082 378 1332 429 principum
1352 390 1482 418 aures
1509 390 1609 418 cum
1639 391 1801 430 magna
1829 385 1980 419 eorum

367 442 671 482 aedificatione
713 441 960 492 peruenerit
978 449 1010 481 a.
1048 442 1169 482 Adeo
1212 444 1257 481 vt
1299 442 1450 493 regina
1493 442 1729 482 Bohemiae
1772 443 1909 482 Maria
1946 445 1975 493 1,

367 518 467 546 eum
497 506 515 532 ὓ
549 506 694 556 ipsum
723 506 876 545 edocta
918 517 1058 556 nuper
1099 506 1145 545 in
1187 518 1269 545 sua
1296 518 1472 557 quoque
1500 507 1602 546 aula
1641 506 1710 557 pie
1740 507 1976 558 vsurparit.

368 570 487 610 Lusu
518 571 595 610 illo
624 571 842 618 absoluto,
868 571 1060 620 vesperis
1088 573 1130 611 et
1158 571 1363 610 laetaniis
1396 583 1549 610 omnes
1577 571 1648 621 pie
1668 571 1984 611 interfuerunt,

445 636 483 674 3.
516 635 599 675 Sed
628 637 674 674 vt
716 635 770 674 ad
801 647 881 674 nos
924 636 1112 684 redeam,
1144 636 1374 676 duodecim
1419 638 1588 686 praeter
1624 647 1799 675 omnem
1842 635 1978 675 huius

367 699 537 749 collegij
571 711 736 739 morem
778 699 874 739 sine
903 712 1005 751 pera
1042 703 1083 740 et
1116 701 1306 751 sacculo,
1337 701 1425 739 imo
1467 700 1600 740 etiam
1629 701 1796 751 absque
1826 699 1975 747 vllius,

369 766 537 814 praeter
564 776 697 814 quam
727 764 925 804 Rectoris
967 765 1107 805 nostri
1137 765 1292 813 literis,
1324 765 1379 804 ad
1407 767 1598 816 quatuor
1637 765 1837 804 diuersas
1868 764 1981 803 Aus-

368 828 476 867 triae
518 828 654 868 huius
696 829 951 880 prouinciae
994 832 1138 880 partes
1180 829 1372 881 ablegati
1414 832 1532 877 sunt,
1565 831 1611 868 vt
1652 829 1832 880 aliquod
1875 840 1982 868 suae

368 893 653 943 paupertatis,
677 896 753 933 aut
784 895 930 945 potius
958 894 1135 945 pietatis
1155 894 1376 945 specimen
1405 895 1623 934 aederent.
1656 893 1787 933 Terni
1817 895 1979 939 autem,

367 969 454 996 vno
483 969 654 1008 semper
682 958 797 998 inter
824 970 899 998 eos
927 960 1235 999 concionatore
1263 959 1508 1010 designato,
1541 969 1694 998 omnes
1724 958 1983 997 emitteban-

368 1024 461 1070 tur,
507 1022 580 1073 alij
628 1023 902 1074 Hungariam
932 1035 1108 1070 versus,
1154 1023 1228 1073 alij
1261 1023 1315 1062 ad
1358 1023 1470 1062 alias
1500 1023 1706 1063 Austriae
1735 1023 1877 1062 vrbes.
1911 1021 1984 1061 Se-

367 1087 540 1127 cundus
578 1099 688 1127 sane
731 1088 837 1138 (Deo
867 1088 1009 1127 honor
1037 1090 1146 1135 esto)
1191 1088 1326 1128 huius
1368 1087 1738 1139 peregrinationis
1773 1087 1857 1127 fuit
1886 1098 1982 1126 suc-

366 1163 540 1199 cessus;
573 1163 675 1191 nam
704 1152 786 1191 etsi
816 1151 1023 1192 haeretici
1053 1164 1183 1203 saepe
1211 1152 1501 1203 blasphemijs
1530 1164 1619 1198 eos,
1642 1154 1719 1191 aut
1753 1163 1799 1191 se
1834 1150 1982 1202 potius

368 1216 617 1267 fatigarent,
663 1228 869 1267 persaepe
910 1229 1119 1265 carceres,
1150 1229 1280 1268 saepe
1322 1217 1386 1256 eis
1429 1219 1609 1256 mortem
1655 1218 1786 1267 atque
1820 1215 1909 1254 alia
1938 1214 1982 1254 id

367 1293 507 1332 genus
550 1281 846 1327 minarentur,
879 1294 929 1321 eo
972 1284 1118 1321 tamen
1147 1281 1296 1321 animo
1326 1282 1518 1328 fuerunt,
1551 1283 1596 1320 vt
1633 1292 1862 1332 nunquam
1893 1279 1981 1319 fere

366 1346 419 1385 de
448 1346 590 1385 salute
619 1346 868 1386 animarum
895 1347 1003 1386 bene
1024 1347 1208 1386 moereri
1229 1347 1490 1386 destiterint.
1516 1347 1692 1386 Praeter
1711 1358 1843 1397 quam
1865 1344 1983 1396 quod

366 1411 601 1450 conciones
643 1411 892 1462 frequentes
930 1412 1195 1459 habuerunt,
1240 1412 1568 1462 congregabant
1613 1418 1628 1435 ⁰
1660 1421 1982 1461 nonnunquam

367 1474 414 1514 in
443 1474 601 1525 plateis
631 1487 813 1525 pueros;
845 1487 956 1526 quos
985 1475 1200 1515 docebant
1228 1476 1406 1526 signum
1435 1478 1612 1515 sanctae
1641 1475 1783 1515 crucis
1812 1474 1997 1520 aedera„

366 1539 617 1590 symbolum
637 1540 938 1590 apostolorum
968 1541 1099 1591 atque
1119 1540 1362 1580 orationem
1379 1540 1656 1580 Dominicam
1677 1539 1747 1590 pie
1767 1539 1822 1578 ad
1843 1538 1983 1578 Deum

367 1605 564 1652 fundere,
587 1617 637 1644 ac
666 1607 889 1655 praeterea
908 1605 1155 1645 clausulam
1185 1605 1307 1645 illam
1341 1621 1361 1640 <‹
1382 1605 1541 1645 Sancta
1572 1605 1707 1644 Maria
1736 1606 1875 1643 mater
1903 1602 1984 1642 Deis

366 1681 442 1709 ora
465 1682 541 1720 pro
562 1670 691 1710 nobis
712 1670 1015 1721 peccatoribus
1035 1668 1051 1693 ‘¹
1074 1687 1112 1718 »,
1144 1683 1169 1710 a
1197 1683 1284 1722 qua
1306 1670 1512 1710 haeretici
1532 1681 1686 1709 omnes
1719 1669 1981 1712 abhorrent:

368 1734 608 1774 visitabant
636 1735 788 1774 crebro
817 1735 945 1774 aedes
974 1737 1268 1786 aegrotorum,
1292 1735 1339 1774 in
1367 1734 1684 1785 componendis
1713 1733 1913 1773 dissidiis
1941 1734 1983 1772 et

366 1799 657 1839 conciliandis
699 1799 862 1839 animis
892 1800 1190 1851 proximorum
1236 1800 1361 1839 valde
1404 1800 1678 1839 laborabant.
1726 1798 1849 1838 Vnde
1882 1809 1983 1837 cum

366 1864 595 1903 audissent
637 1864 750 1903 inter
781 1871 795 1886 '²
842 1865 1080 1916 parocbum
1125 1865 1346 1915 quendam
1383 1866 1425 1904 et
1466 1864 1663 1904 eiusdem
1692 1863 1889 1903 ciuitatis
1918 1862 1983 1902 iu-

366 1928 504 1968 dicem
535 1940 694 1979 graues
723 1929 988 1969 intercedere
1017 1930 1280 1977 simultates,
1312 1931 1353 1969 et
1395 1930 1580 1969 alterum
1612 1929 1657 1968 in
1691 1927 1875 1968 alterius
1908 1927 1983 1967 de-

366 1993 596 2033 formanda
643 1994 963 2046 spoliandaque
1007 1995 1121 2034 vitae
1167 2006 1217 2034 ac
1263 1994 1494 2045 dignitatis
1540 2005 1689 2041 causa,
1736 1993 1850 2032 nihil
1893 2004 1983 2032 non

366 2058 528 2104 facere;
574 2060 751 2109 repente
793 2059 933 2099 nostri
975 2060 1129 2099 domos
1171 2059 1349 2099 illorum
1391 2059 1610 2104 adierunt,
1650 2058 1849 2109 illudque
1879 2059 1984 2097 sunt

365 2123 593 2174 assequuti
624 2125 668 2162 vt
710 2123 968 2163 inimicitias
1010 2124 1220 2175 capitales
1262 2125 1479 2172 tollerent,
1511 2135 1622 2175 quas
1664 2134 1893 2174 nunquam
1937 2133 1983 2161 se

366 2187 447 2233 illi,
480 2187 566 2227 nisi
609 2200 705 2228 cum
751 2189 1007 2229 alterutrius
1049 2189 1349 2240 oppressione,
1385 2189 1664 2240 deposituros
1708 2188 1979 2228 iurauerant.

365 2250 532 2291 Obuios
561 2252 649 2292 fere
677 2265 876 2304 quosque
905 2254 959 2293 ad
993 2254 1294 2294 confessiones
1322 2256 1362 2294 et
1392 2254 1617 2302 meliorem
1640 2253 1821 2293 viuendi
1852 2252 1982 2292 ratio-

365 2328 462 2356 nem
495 2317 864 2365 exhortabantur3
897 2318 1088 2367 iurandi,
1112 2319 1333 2370 iurgandi,
1358 2310 1554 2370 potandi,
1582 2319 1809 2369 Deumque
1839 2317 1883 2357 id
1912 2329 1983 2368 ge-

364 2392 450 2420 nus
480 2381 601 2421 vitiis
630 2382 897 2430 offendendi,
920 2395 1063 2422 mores
1082 2383 1441 2434 corruptissimos
1462 2383 1623 2434 vbique
1653 2394 1731 2433 pro
1761 2394 1842 2422 sua
1864 2381 1981 2421 virili

364 2446 540 2485 abolere
581 2447 917 2487 contendebant.
951 2447 1066 2487 Illud
1098 2447 1227 2498 volgo
1258 2447 1271 2473 f
1295 2447 1495 2487 mirabile
1537 2447 1680 2487 visum
1724 2448 1804 2493 est,
1836 2447 1982 2497 spreta

365 2511 486 2549 omni
528 2511 734 2562 stipendij
767 2513 810 2551 et
839 2512 981 2551 victus
1024 2512 1171 2551 oblata
1214 2524 1306 2563 spe,
1349 2512 1473 2552 nulla
1517 2512 1693 2563 pietatis
1726 2511 1872 2551 officia
1907 2522 1983 2561 per

365 2578 540 2615 nostros
561 2576 742 2627 negligi,
764 2576 853 2616 imo
882 2588 956 2616 eos
977 2579 1023 2616 vt
1043 2577 1089 2616 in
1110 2577 1330 2616 mandatis
1350 2577 1528 2616 dederat
1549 2577 1720 2625 Rector,
1744 2578 1981 2627 antequam

365 2640 615 2691 spiritualia
657 2640 939 2689 seminarent,
972 2641 1166 2681 ostiatim
1210 2642 1481 2689 mendicare3
1519 2641 1636 2692 quod
1667 2653 1833 2681 nouum
1864 2652 1982 2691 pere-

425 2812 444 2831 a
475 2805 638 2845 peruerit
660 2804 706 2837 A.
731 2824 769 2827 —
793 2805 810 2831 b
831 2814 912 2837 eum
937 2814 1063 2846 snpra
1082 2814 1180 2838 vers.
1199 2806 1237 2837 in
1254 2805 1313 2844 A„
1332 2805 1462 2838 deleto.
1487 2805 1619 2846 pro(‘3).
1645 2824 1683 2828 —
1707 2814 1721 2832 c
1755 2804 1982 2845 congrebant

365 2858 411 2890 A.
436 2876 475 2879 ——
498 2858 517 2884 d
597 2867 661 2890 ora
684 2867 749 2899 pro
771 2858 878 2890 nobis
908 2860 976 2891 etc.
1000 2858 1046 2891 A.
1074 2877 1111 2881 -—
1134 2867 1149 2884 Θ
1191 2859 1288 2891 inter
1309 2867 1435 2899 supra
1458 2867 1559 2891 vers.
1582 2858 1629 2891 A.
1653 2877 1692 2880 —
1715 2858 1728 2885 f
1761 2858 1872 2897 vulgo
1894 2857 1938 2890 Β.

427 3031 437 3048 ¹
460 3029 717 3061 Maximilliani
741 3039 845 3062 uxor.
