2099 3516
456 280 536 317 609.
564 302 606 306 -
634 280 908 317 INGOLSTADIO
935 280 956 315 3
982 279 1175 316 IANUARII
1204 279 1295 314 1569.
1590 278 1655 314 691

80 401 246 451 patrem
284 398 498 445 imitatur,
530 399 695 450 quique
734 399 820 438 iam
865 398 980 438 serio
1018 397 1237 449 promisit,
1269 408 1315 436 se
1346 395 1523 446 negotia
1553 396 1705 434 nostra

79 464 197 516 apud
226 463 269 504 S.
302 463 346 504 C.
377 463 432 503 M.
465 462 722 503 fidelissime
751 465 1042 503 tractaturum
1072 474 1181 502 esse.
1225 461 1400 513 [Preces
1423 462 1627 512 postulat
1658 473 1708 500 ac

79 528 319 580 valedicit]

185 594 354 645 Pragae
382 593 406 632 ‘2
438 593 650 645 Ianuarij.

185 659 237 699 R.
270 658 319 699 P.
351 657 402 698 V.
436 657 781 709 indignissimus
811 658 931 698 filius

996 758 1226 798 HENRICus
1257 758 1538 797 BLYssanus
1569 758 1598 796 1.

183 851 241 889 In
270 851 489 899 margine,
521 849 617 888 alia
646 861 815 888 manu:
846 848 988 899 Praga
1017 847 1041 886 2
1073 847 1249 887 Ianuar.
1280 846 1377 885 sine
1407 857 1540 885 anno.

838 1074 951 1122 609

486 1212 904 1263 GEORGIUS
978 1213 1306 1263 CRISPUS

539 1361 810 1387 INGOLSTAmo
836 1351 858 1386 3
885 1361 1075 1387 IANUARH
1105 1351 1194 1387 156&
1219 1351 1245 1387 ².

77 1477 115 1512 1.
148 1473 333 1522 Colleyii
362 1473 522 1511 status,
548 1472 722 1510 Novicii
754 1472 870 1510 laus.
907 1471 1160 1511 Candidati.
1187 1472 1348 1510 Preces
1366 1484 1448 1521 pro
1469 1472 1590 1521 felici
1610 1484 1710 1510 con—

182 1539 278 1577 cilii
307 1538 546 1577 tridentini
589 1538 726 1576 exitu.
758 1538 1163 1587 Indulgenffiaruwn
1205 1550 1331 1576 usus.
1365 1559 1415 1563 ——
1451 1540 1492 1575 2.
1527 1536 1707 1575 Convic-

185 1605 301 1643 tores
330 1615 517 1642 nurnero
544 1603 716 1653 plures,
749 1603 788 1641 et
818 1602 1017 1641 moribus
1052 1603 1398 1641 eoecellentiores.
1430 1625 1482 1628 —
1513 1606 1554 1641 3.
1589 1602 1710 1640 Teni-

178 1669 310 1719 plum
354 1681 534 1717 novum,
565 1668 605 1706 et
648 1668 933 1717 refectoriiwn
961 1669 1191 1717 paratum.
1223 1690 1273 1694 -
1301 1672 1345 1706 4.
1387 1668 1448 1706 De
1477 1667 1643 1706 studiis
1672 1668 1712 1706 et

182 1734 525 1784 professoribus.
569 1734 633 1772 De
662 1733 943 1772 contionibus
985 1734 1107 1772 Pris.
1141 1733 1416 1783 Halbpauer.
1449 1734 1512 1772 De
1540 1733 1709 1772 studio-

182 1813 288 1839 rum
317 1799 667 1838 instauratione.
700 1799 763 1837 De
794 1799 1038 1848 disciplina
1069 1799 1349 1837 scholastica.
1380 1821 1423 1824 —
1445 1802 1487 1837 5.
1518 1798 1711 1848 Reliqua

182 1865 392 1904 consueta
441 1865 698 1918 ministeria
728 1863 961 1903 Societatis
1006 1876 1113 1914 erga
1152 1865 1387 1914 proximos
1431 1876 1531 1903 curn
1560 1864 1712 1913 fructu

183 1930 461 1969 exercentur.

158 2054 194 2094 1.
228 2054 319 2093 Pax
349 2052 513 2093 Christi
559 2052 738 2104 [Scribit
782 2067 835 2093 ex
864 2067 1000 2094 rnore.
1043 2054 1199 2093 Status
1238 2055 1413 2104 collegii
1451 2055 1500 2093 in
1540 2054 1712 2093 cunctis

75 2118 295 2171 prospera]
326 2119 402 2158 Est
444 2120 539 2158 tota
568 2118 729 2158 domus
759 2118 805 2158 in
845 2119 992 2169 plures
1035 2118 1182 2158 diuisa
1212 2118 1406 2166 ordines,
1439 2118 1486 2157 in
1521 2130 1711 2169 quorum

79 2184 220 2235 primo
249 2186 369 2232 sunt,
400 2183 478 2235 qui
522 2183 730 2223 Societati
762 2195 923 2223 nomen
968 2184 1198 2229 dederunt,
1231 2195 1416 2223 numero
1461 2183 1525 2231 18,
1557 2195 1609 2222 ex
1640 2182 1710 2222 his

76 2249 325 2289 sacerdotes
367 2249 407 2297 6,
439 2248 616 2288 diaconi
662 2248 701 2297 ⁸2,
734 2250 776 2288 et
806 2260 921 2288 Vnus
964 2248 1281 2288 subdiaconus.
1329 2248 1391 2287 De
1437 2248 1710 2298 reliquorum

78 2314 279 2361 fratrum,
302 2315 344 2353 et
372 2313 647 2353 nouitiorum
678 2316 798 2353 statu
819 2316 861 2353 et
890 2326 1090 2360 numero,
1114 2313 1324 2364 quoniam
1358 2313 1555 2364 proxime
1576 2312 1712 2363 'scrip—

77 2382 171 2420 tum
192 2387 224 2426 a,
257 2381 300 2419 et
329 2379 498 2419 interea
527 2379 642 2418 nihil
674 2379 801 2418 valde
832 2379 1114 2418 immutatum
1146 2381 1226 2427 est,
1250 2379 1393 2418 dicere
1423 2378 1703 2429 supersedeo.

77 2444 159 2484 Sed
202 2445 321 2484 hune
365 2456 600 2483 numerum
630 2444 888 2484 adolescens
931 2444 1113 2495 quidam
1157 2455 1396 2495 germanus
1440 2442 1712 2482 brixinensis

77 2509 216 2558 auxit,
248 2509 323 2560 qui
357 2509 477 2549 hisce
507 2509 664 2549 diebus
694 2509 751 2548 ad
780 2510 1088 2561 probationem
1118 2509 1343 2549 admissus
1372 2508 1594 2559 exercitijs
1624 2508 1712 2559 spi-

78 2575 316 2615 ritualibus
337 2575 392 2614 ad
415 2586 558 2614 mores
588 2574 820 2614 Societatis
843 2575 1121 2616 informatur.
1141 2575 1181 2614 ls
1202 2586 1369 2614 annum
1392 2574 1480 2613 fere
1501 2573 1713 2613 lectiones

141 2743 160 2762 a
182 2734 266 2768 Del.
290 2735 359 2767 est.

140 2861 150 2878 ¹
172 2859 265 2892 Vide
288 2859 383 2891 Litt.
412 2858 622 2899 Qeiadrim.
648 2860 708 2900 VI,
733 2861 806 2894 817.

140 2914 152 2932 ²
176 2912 228 2944 Ex
251 2921 377 2954 apogr.
413 2922 548 2945 coaevo
572 2913 611 2945 in
645 2914 786 2947 archiv,
822 2915 1003 2948 colonien.
1033 2928 1047 2943 «
1071 2915 1123 2947 St.
1160 2913 1553 2946 Maria-Himmelfahrt
1576 2925 1606 2952 »,
1632 2912 1710 2945 cod.

78 2965 111 2997 A
137 2965 242 3001 1162,
267 2965 332 2998 N.0
354 2966 424 2998 134.
461 2966 572 2998 Aliud
606 2967 814 3008 exemplum
848 2969 972 3000 exstat
994 2969 1034 3000 in
1068 2968 1209 3000 archiv.
1246 2976 1435 2999 monacen.
1471 2965 1713 3007 (Miinchener

78 3018 453 3060 Hauptstaatarehiv)
477 3019 516 3051 in
533 3020 612 3052 cod.
636 3019 833 3053 Jesuitica
856 3021 926 3054 N.0
948 3021 1080 3053 1357m
1104 3021 1253 3063 (Script.
1269 3020 1404 3061 C‹›lleg.
1420 3019 1603 3061 Ingolst.)‚
1618 3018 1641 3051 f.
1659 3019 1713 3050 227-

77 3072 128 3104 28.
154 3072 216 3104 Est
240 3073 352 3104 etiam
376 3072 497 3105 versio
521 3073 735 3113 germanica
759 3074 797 3105 in
822 3075 962 3106 archiv.
988 3075 1189 3108 coloniens.
1216 3074 1254 3105 in
1278 3073 1356 3106 cod.
1374 3072 1408 3105 -Ῐ,
1425 3072 1460 3105 J.
1478 3073 1529 3111 72,
1548 3072 1583 3104 ff.
1601 3072 1708 3104 44-47.
