2099 3516
405 266 475 303 434
880 267 1083 304 LITTERAE
1109 266 1452 311 QUADRIMESTRES

1110 509 1219 558 557

728 650 786 700 P.
845 648 1199 700 IOANNES
1260 646 1619 710 QUADRA

790 783 1052 810 BELLOMONTE
1082 773 1097 808 1
1125 781 1372 808 SEPTEMBms
1399 770 1486 806 1561
1515 770 1538 806 1.

363 893 675 943 Confitentium
703 894 743 932 et
771 893 1197 932 communicantium
1239 890 1491 940 frequentia
1519 891 1558 928 et
1588 890 1764 939 fructus
1795 889 1968 928 auctus.

464 981 513 986 —
547 959 781 998 Contiones
811 958 867 996 ad
892 958 1109 1008 populum
1136 956 1365 1002 habentur,
1399 956 1494 994 tum
1523 956 1571 993 in
1600 954 1765 1002 nostro,
1799 954 1893 993 tum
1923 954 1973 992 in

465 1025 629 1062 maiori
673 1023 799 1061 urbis
847 1022 1020 1072 templo.
1067 1043 1119 1047 —-
1161 1019 1341 1059 Scholae
1387 1019 1559 1068 florent.
1603 1040 1652 1045 —
1700 1018 1972 1057 Nostrorum

463 1088 645 1127 hortatu
674 1087 856 1137 quidam
885 1088 957 1125 vir
984 1085 1205 1124 vindictae
1228 1084 1512 1134 propositum
1542 1083 1731 1130 deserit,·
1765 1083 1886 1121 alius
1915 1083 1973 1122 ad

464 1153 738 1192 consortium
780 1164 879 1190 cum
925 1162 1064 1190 uxore
1107 1161 1242 1199 quam
1289 1148 1600 1198 dereliquerat,
1644 1147 1787 1197 redit;
1833 1148 1970 1194 alius,

464 1217 621 1256 multis
662 1228 834 1263 exosus,
866 1228 966 1255 cum
1008 1216 1066 1253 iis
1100 1226 1209 1264 quos
1238 1214 1426 1252 iniuriis
1469 1213 1684 1261 affecerat,
1715 1212 1973 1251 reconcilia-

466 1282 553 1320 tur.
584 1281 846 1320 Adolescens
868 1280 1070 1330 puellam
1099 1279 1324 1317 seductam
1346 1279 1395 1316 in
1423 1289 1610 1316 umorem
1640 1277 1809 1326 accipit.
1833 1277 1973 1315 Fiunt

464 1347 584 1385 aeris
626 1346 765 1384 alieni
810 1345 1128 1383 restitutiones.
1158 1365 1208 1369 —
1237 1343 1467 1392 Religiosa
1496 1341 1736 1391 disciplina
1765 1342 1892 1391 viget.
1922 1363 1973 1368 —

468 1411 630 1460 Populi
658 1422 765 1460 erga
792 1411 934 1448 socios
964 1408 1154 1457 affectus,
1187 1407 1366 1446 donatis
1389 1406 1566 1456 pulcris
1604 1406 1882 1445 ornamentis
1916 1406 1974 1444 ad

465 1476 635 1515 cultum
664 1475 868 1513 divinum
908 1474 1040 1523 aptis,
1072 1472 1337 1512 ostenditur.

1111 1740 1223 1790 558

769 1881 1088 1932 PETRUS
1144 1880 1244 1931 DE
1297 1880 1569 1930 SYLVA

803 2017 1050 2043 CONIMBRICA
1078 2008 1093 2042 1
1122 2016 1369 2042 SEPTEMBms
1397 2006 1484 2042 1561
1511 2006 1535 2042 ².

359 2132 396 2167 1.
427 2128 657 2168 Sociorum
686 2127 904 2166 valetudo.
935 2127 1175 2165 Numerus.
1208 2127 1395 2165 Antonii
1422 2126 1603 2165 Valente
1632 2138 1766 2165 mors.
1797 2147 1848 2153 —
1881 2129 1972 2164 2-3.

465 2191 549 2231 Ρ.ἱὸ
590 2192 738 2231 Nadal
768 2192 997 2230 adventus.
1029 2191 1138 2229 Acta
1169 2191 1219 2229 ab
1258 2203 1304 2229 eo
1328 2203 1411 2240 per
1441 2191 1552 2229 duos
1581 2191 1756 2229 circiter
1784 2202 1970 2229 menses.

465 2280 515 2285 —
543 2261 586 2296 4.
615 2257 740 2296 Iubet
782 2257 899 2295 inter
929 2257 1022 2295 alia
1068 2257 1117 2295 ut
1161 2257 1352 2306 tempore
1395 2256 1681 2295 vacationum
1727 2255 1974 2294 humiliora

466 2334 598 2372 opera
626 2322 750 2371 fiant.
786 2321 966 2359 Ordinis
995 2321 1226 2359 exsecutio.
1258 2342 1305 2346 —-
1337 2324 1378 2358 5.
1408 2321 1572 2359 Recens
1602 2320 1792 2358 admissi
1818 2321 1869 2358 in
1899 2318 1974 2358 So-

466 2386 678 2425 cietatem.
721 2407 771 2411 —
814 2389 855 2423 6.
885 2385 1042 2422 Patris
1085 2384 1232 2423 Nadal
1275 2384 1505 2423 industria
1546 2396 1712 2422 novum
1761 2383 1973 2433 templum

466 2450 732 2495 exstruitur,
776 2450 816 2487 et
859 2449 997 2496 aedes,
1042 2450 1200 2498 regina
1242 2449 1496 2496 adiuvante,
1533 2448 1879 2498 amplificantur.
1923 2469 1973 2474 —

422 2608 432 2626 ¹
455 2607 585 2638 Exstat
607 2605 800 2647 originalis
834 2605 872 2636 in
906 2605 983 2637 cod.
1008 2603 1120 2645 Hisp.
1145 2604 1205 2643 98,
1230 2604 1253 2637 f.
1278 2605 1359 2644 3043
1392 2605 1496 2646 prius
1518 2604 1590 2637 294.
1615 2604 1746 2637 Visum
1768 2605 1825 2636 est
1857 2603 1973 2636 solam

361 2668 540 2692 summam
562 2659 660 2691 dare.
684 2657 776 2690 Vide
798 2667 833 2699 p.
857 2658 918 2689 318
940 2658 1065 2690 annot.
1090 2658 1120 2689 2.

420 2714 432 2731 ⁹
455 2712 508 2744 Ex
531 2711 664 2752 origin.
698 2710 858 2752 (duabus
882 2711 947 2742 aut
980 2710 1099 2742 tribus
1123 2710 1295 2742 manibus
1329 2710 1482 2752 scripto)
1506 2711 1546 2742 in
1568 2710 1646 2742 cod.
1673 2709 1771 2742 Lus.
1796 2710 1854 2746 51,
1880 2710 1900 2742 3
1921 2708 1971 2749 ff.,

360 2774 422 2797 nn.
448 2765 518 2803 103,
544 2765 614 2803 104,
640 2764 720 2798 105:
745 2763 849 2804 prius
871 2763 922 2801 60,
941 2764 991 2801 61,
1009 2763 1059 2795 632.
1085 2763 1241 2795 Exstant
1264 2763 1336 2795 duo
1360 2763 1526 2804 exempla
1549 2763 1667 2795 latina
1689 2772 1711 2795 a
1733 2762 1771 2795 P.
1796 2762 1973 2794 Michaele

360 2817 528 2858 Venegas
562 2816 783 2857 subscripta,
808 2816 848 2847 in
879 2815 915 2848 ff.
941 2816 999 2847 192
1022 2825 1101 2856 sqq.
1126 2816 1167 2847 In
1200 2816 1365 2857 exemplo
1399 2815 1557 2857 hispano
1580 2815 1732 2857 ponitur
1765 2815 1853 2847 data
1875 2824 1973 2847 anno

361 2871 441 2903 1560
455 2881 462 2909 ;
487 2870 550 2902 sed
566 2879 611 2902 ex
633 2869 692 2901 his
715 2878 810 2910 quae
826 2869 1025 2900 narrantur
1046 2868 1089 2900 de
1106 2868 1225 2900 Patris
1242 2869 1357 2901 Nadal
1372 2869 1601 2908 visitatione,
1619 2869 1764 2901 constat
1780 2867 1973 2909 irrepsisse

360 2931 518 2955 errorem
541 2931 605 2963 pro
630 2922 719 2954 1561.
755 2921 923 2954 Ceterum
945 2930 1045 2953 error
1074 2921 1147 2952 iam
1170 2921 1387 2954 emendatus
1410 2922 1467 2954 est
1490 2922 1529 2953 in
1552 2922 1634 2963 ipsa
1657 2920 1911 2962 inscriptione,
1937 2920 1974 2952 et

361 2976 401 3007 in
424 2975 600 3016 exemplis
623 2975 763 3007 latinis.
788 2974 868 3006 Non
884 2983 1001 3015 pauca
1016 2974 1127 3006 verba
1149 2983 1247 3006 more
1270 2975 1352 3015 plus
1375 2975 1499 3007 minus
1521 2974 1686 3006 lusitano
1711 2974 1850 3015 scripta
1871 2973 1972 3005 sunt.

360 3027 413 3059 Ex
435 3027 599 3068 exemplo
620 3027 738 3059 latino
760 3026 877 3059 multa
899 3026 972 3058 iam
994 3026 1095 3059 edita
1117 3027 1205 3058 sunt
1228 3026 1267 3058 in
1289 3026 1412 3068 Epist.
1436 3027 1480 3059 P.
1504 3026 1651 3063 NadaZ,
1676 3025 1704 3066 Ι,
1738 3026 1888 3058 803-807.
