2099 3516
483 269 562 304 478.
591 290 633 294 —
660 268 879 304 OmslPONE
910 267 951 302 16
979 266 1173 302 IANUARII
1205 266 1291 301 1561
1593 267 1652 302 101

75 388 245 428 lasticis
264 395 298 435 ³,
330 388 477 427 omnis
519 387 690 426 ordinis
734 386 821 425 uiri
861 385 1151 425 conueniunt.
1187 384 1347 424 lnuisit
1381 384 1560 434 saepius
1590 384 1705 423 idem

75 453 311 503 collegium
341 452 551 492 dominus
582 451 819 499 Antonius,
842 450 971 490 cuius
1002 452 1125 500 pater
1154 449 1408 489 Lodouicus
1439 449 1554 500 regis
1582 450 1707 487 [oan-

76 518 146 557 nis
176 517 289 569 tertij
323 517 407 557 fuit
436 518 583 564 frater,
615 516 692 567 qui
722 528 821 556 cum
854 515 1103 566 praeteritis
1132 515 1290 554 diebus
1319 515 1365 553 in
1395 514 1547 554 eodem
1578 514 1707 553 colle-

75 583 148 634 gio
178 583 312 622 uellet
341 582 495 622 audire
524 593 698 621 sacrum
731 581 865 632 (quod
895 593 1026 631 saepe
1055 580 1248 631 accidit),
1279 591 1468 630 cumque
1498 579 1585 618 iam
1617 590 1707 617 non

75 650 204 695 esset,
235 648 313 699 qui
343 659 393 687 eo
424 647 470 686 in
500 648 596 687 1000
626 646 902 686 ministraret
945 645 1178 696 sacerdotj,
1211 645 1502 695 indueretque
1534 643 1627 695 [sie]
1660 646 1708 682 ut

74 713 195 752 fieret
224 724 414 759 sacrum,
446 713 566 763 quod
610 712 744 751 frater
786 711 857 751 cui
880 710 897 736 b
928 711 972 750 id
1015 713 1109 750 erat
1151 722 1297 757 curae,
1329 722 1380 749 eo
1409 712 1605 760 tempore
1645 709 1706 748 ibi

74 789 164 816 non
193 780 324 825 esset,
356 777 431 816 ille
461 777 650 828 genibus
679 776 806 816 flexis
835 775 1035 823 accessit,
1067 775 1317 815 submitens
1346 786 1407 822 se,
1430 774 1583 814 eodem
1616 786 1708 813 mu-

74 854 177 882 nere
207 842 386 882 functus
415 844 494 882 est.
529 842 634 881 Eius
679 841 948 893 pedagogus,
987 841 1057 880 uir
1100 840 1266 880 nobilis
1309 851 1482 891 genere,
1515 839 1709 878 nobilior

74 908 288 955 moribus,
320 907 432 947 solet
461 907 604 947 dicere
635 907 774 947 multo
804 906 947 958 magis
976 918 1022 945 se
1051 906 1318 956 commouerj
1343 917 1441 945 cum
1474 904 1596 944 uidet
1625 904 1709 943 fra·

74 975 184 1012 trem
213 973 405 1024 aliquem
438 975 657 1019 nostrum,
690 972 791 1012 licet
820 984 995 1023 coqum,
1028 983 1162 1023 quam
1206 971 1243 1010 si
1288 970 1442 1010 audiat
1479 969 1708 1009 ornatissi-

75 1050 190 1077 mam
220 1041 261 1077 et
291 1037 689 1089 patheticissimam
713 1045 742 1085 ⁰,
776 1039 823 1077 ut
853 1038 914 1076 ita
944 1037 1103 1083 dicam,
1136 1036 1412 1076 concionem.

156 1104 216 1143 10.
252 1104 495 1154 Episcopus
526 1103 824 1142 mirandensis
855 1105 884 1145 1.
916 1103 992 1154 qui
1025 1102 1115 1153 regi
1146 1104 1211 1141 est
1242 1114 1268 1141 a
1296 1101 1514 1152 consilijs,
1542 1101 1709 1151 episco-

74 1181 245 1220 pusque
274 1168 570 1220 algarhiensis
598 1170 613 1192 ‘²
643 1180 743 1208 cum
774 1168 980 1219 pluribus
1010 1167 1113 1218 alijs
1144 1167 1375 1206 nobilibus
1404 1167 1549 1206 solent
1587 1166 1708 1205 adire

73 1235 156 1273 hoc
185 1234 420 1285 collegium
452 1236 494 1273 et
524 1246 846 1285 nonnunquam
879 1233 939 1272 1111
970 1232 1170 1272 confiteri
1191 1232 1224 1272 d.
1258 1232 1448 1282 Quidam
1480 1231 1549 1271 uir
1584 1230 1708 1270 nobi-

74 1299 144 1347 lis,
176 1299 251 1350 qui
283 1302 351 1339 est
380 1301 556 1350 praetor
583 1299 816 1339 cuiusdam
849 1298 1037 1345 insulae,
1062 1298 1131 1338 cui
1156 1309 1317 1337 nomen
1347 1300 1410 1337 est
1442 1297 1591 1336 insula
1613 1308 1709 1347 pro—

74 1364 276 1415 monterij
312 1364 405 1416 [sic]
437 1364 612 1407 uiridis,
645 1376 758 1414 quae
788 1363 961 1403 adiacet
989 1375 1012 1402 e
1042 1363 1222 1414 regione
1261 1365 1428 1402 tractus
1458 1360 1706 1413 guinensis,

73 1432 139 1468 est
169 1429 304 1469 huius
334 1429 507 1480 collegij
542 1429 751 1469 Patribus
773 1438 788 1453 ‘²
819 1429 1167 1468 addictissimus.
1201 1428 1311 1468 Cum
1342 1427 1591 1479 111301011115
1620 1427 1709 1465 die·

74 1495 157 1534 hus
187 1494 242 1533 ad
273 1494 446 1534 insulae
477 1494 910 1534 administrationem
954 1496 1070 1533 esset
1112 1493 1406 1544 profecturus,
1438 1492 1623 1532 accessit
1653 1492 1709 1531 ad

72 1560 325 1611 collegium,
357 1571 546 1611 cumque
578 1560 711 1599 uellet
740 1560 909 1611 alloqui
955 1561 1165 1598 rectorem
1210 1561 1251 1598 et
1295 1558 1491 1609 reliquos
1534 1558 1706 1603 fratres,

75 1637 176 1675 prae
205 1625 426 1664 desiderio
457 1627 500 1665 et
529 1625 758 1665 lachrimis
788 1625 961 1665 nullum
1010 1624 1152 1676 potuit
1196 1625 1381 1664 uerbum
1418 1626 1634 1675 proferre;
1668 1624 1710 1661 et

74 1690 134 1729 ita
164 1690 261 1729 sine
293 1691 383 1730 ullo
414 1691 427 1716 s
465 1702 669 1730 sermone
704 1690 858 1730 habito
901 1690 1120 1729 discessit.
1155 1690 1279 1729 Alter
1321 1689 1418 1729 eius
1463 1689 1609 1731 frater,
1648 1699 1710 1727 10-

73 1755 190 1795 110115
220 1755 315 1795 51115
343 1756 544 1801 30(1111115,
578 1755 713 1795 11111115
743 1756 916 1806 collegij
956 1755 1148 1795 uiciniae
1186 1754 1520 1805 commigrauit:
1554 1753 1710 1792 incolit

74 1821 204 1860 modo
233 1821 364 1860 aedes
394 1821 558 1867 fratris,
590 1823 630 1860 et
665 1821 994 1872 quodammodo
1038 1821 1355 1860 haereditatem
1401 1819 1582 1859 uirtutis
1626 1821 1710 1857 fra-

73 1888 198 1925 terno
233 1886 329 1925 iure
360 1886 537 1925 uidetur
567 1886 778 1937 accipere.
817 1886 1080 1937 Frequentat
1124 1888 1265 1925 rector
1308 1885 1444 1925 huius
1487 1883 1660 1935 collegij
1695 1885 1708 1906 ³

72 1963 172 1990 cum
203 1951 389 2002 reliquis
419 1951 631 1990 fratribus
662 1951 831 2002 regium
864 1951 1189 1990 xenodochium
1212 1958 1245 1997 g,
1278 1950 1436 1990 sternit
1466 1950 1616 1995 lectos,
1641 1960 1710 1987 so-

73 2016 190 2056 latur
219 2018 424 2067 aegrotos
453 2028 504 2055 eo
533 2018 695 2056 conatu
740 2018 782 2055 et
824 2028 987 2061 amore,
1022 2019 1070 2056 ut
1103 2016 1293 2067 speciem
1338 2015 1502 2066 angeli,
1534 2014 1709 2065 quoties

73 2080 363 2131 ingrediatur,
395 2080 546 2120 dicant
578 2080 783 2131 praefecti
817 2080 1130 2130 ualetudinarij
1166 2092 1211 2119 se
1241 2079 1495 2119 existimare
1539 2078 1705 2117 uidere.

73 2145 285 2185 Nonnulli
318 2148 571 2185 nostrorum
601 2146 803 2196 exemplo
833 2146 1041 2185 commoti
1082 2145 1336 2185 facultatem
1367 2157 1392 2184 3
1422 2143 1709 2193 confessarijS

73 2210 341 2261 petiuerunt,
366 2213 413 2250 ut
443 2211 593 2251 liceret
622 2211 737 2250 idem
771 2211 925 2255 facere,
952 2212 1228 2262 postulantes
1252 2213 1295 2250 ut
1318 2210 1540 2261 aperirent
1570 2209 1706 2254 uiam,

72 2287 159 2326 qua
192 2278 371 2326 possent
397 2276 443 2315 in
475 2276 640 2316 uirtute
684 2276 727 2315 id
772 2276 983 2316 facientes
1027 2277 1252 2328 proficere.
1286 2276 1465 2315 Abeunt
1499 2273 1707 2314 nonnulli

72 2341 204 2380 etiam
235 2342 291 2380 311
321 2342 404 2381 1100
433 2342 621 2393 collegio
651 2342 706 2381 ad
736 2354 952 2382 carcerem
989 2342 1190 2382 auditum
1235 2341 1555 2383 confessiones,
1594 2339 1709 2378 inui-

72 2418 168 2445 sum
202 2407 366 2446 multos
397 2407 571 2446 nobiles
600 2407 676 2458 qui
708 2408 853 2447 solent
881 2407 1001 2446 domi
1032 2419 1139 2446 suae
1177 2406 1401 2457 confiteri,
1440 2404 1709 2456 respondent

72 2471 126 2509 ad
158 2471 428 2523 interrogata
458 2472 511 2511 de
541 2472 612 2523 ijs,
645 2484 730 2522 que
760 2473 950 2511 attinent
980 2473 1035 2512 ad
1065 2472 1406 2512 confessionem.

154 2537 216 2576 ll.
249 2536 439 2586 Quidam
463 2537 628 2577 nobilis
649 2537 854 2578 affecerat
876 2537 1041 2577 iniuria
1063 2537 1217 2585 alium,
1241 2537 1373 2577 etiam
1396 2548 1485 2576 non
1507 2534 1707 2575 inferiori

71 2601 353 2647 ‹·onditi0ne;
387 2602 463 2653 qui
494 2614 594 2642 cum
625 2605 741 2642 esset
771 2603 922 2642 iussus
952 2615 977 2641 a
1007 2603 1199 2654 quodam
1237 2603 1366 2641 Patre
1410 2601 1546 2641 huius
1575 2600 1707 2639 colle-

134 2738 152 2757 a
172 2731 390 2763 scholastici
416 2741 485 2764 ms.
504 2751 543 2753 —
561 2732 578 2758 b
598 2732 658 2764 cui
683 2741 807 2773 snpra
836 2741 949 2767 vers„
975 2732 1097 2764 deleto
1120 2732 1198 2773 qui.
1217 2750 1255 2754 -
1273 2740 1287 2758 c
1308 2731 1387 2763 Sic.
1416 2731 1455 2762 in
1482 2740 1564 2762 ms..
1585 2738 1708 2761 emen-

73 2784 211 2816 datum
233 2793 281 2816 021·
303 2785 588 2825 patetissimam.
614 2804 653 2807 —
676 2785 694 2812 d
716 2785 841 2817 Prius
868 2784 1104 2817 confitentur.
1130 2804 1169 2807 —
1194 2794 1210 2811 e
1232 2785 1368 2816 Praec.
1397 2793 1429 2815 c.
1455 2792 1579 2824 snpra
1608 2792 1706 2814 vers.

72 2856 110 2859 —
135 2838 147 2863 s
171 2838 233 2869 ulo
256 2847 327 2870 ms.
353 2857 392 2860 -
415 2846 434 2872 g
454 2838 721 2870 senadochium
747 2848 817 2870 ms.

135 2952 144 2968 ¹
169 2949 338 2982 Iulianus
361 2950 405 2982 de
429 2950 533 2983 Alva.

134 3006 146 3021 *Δ
169 3003 327 3035 Ioannes
351 3003 456 3036 Mello
479 3005 516 3035 et
538 3003 683 3036 Castro.

135 3059 147 3075 ²¹
171 3055 208 3088 P.
234 3056 377 3097 Gaspar
400 3056 566 3089 Alvarez.
592 3056 684 3089 Vide
711 3057 802 3089 Litt.
833 3057 1053 3096 Quadrima,
1079 3057 1139 3097 VI,
1165 3058 1237 3089 728.
