2099 3516
471 291 552 327 609.
580 312 622 317 —
651 291 924 328 INGOLs'rAmo
950 292 972 327 3
999 291 1191 327 IANUARII
1220 290 1310 326 1562
1594 289 1664 325 695

82 421 389 461 germanorum
422 408 653 449 hominum
691 410 850 460 pietate
880 422 1108 461 nunquam
1142 411 1236 449 erat
1269 409 1582 459 expectandus.
1624 407 1709 446 Ta-

82 486 158 514 ceo
203 473 372 524 reliqua
416 473 527 512 festa
564 476 606 513 et
636 475 884 514 dominicos
913 475 1022 523 dies,
1063 486 1250 526 quorum
1298 473 1426 524 pauci
1456 473 1708 519 elabuntur,

83 538 247 590 quibus
277 550 367 577 non
397 538 537 588 aliqui
570 539 652 578 hoc
681 551 805 579 sacro
836 552 948 590 pane
978 542 1229 590 pascantur.
1263 538 1397 578 Fiunt
1425 538 1547 577 omni
1577 548 1712 587 prope

84 603 194 643 festo
224 603 294 642 die
323 614 348 642 a
370 602 534 642 nostris
556 603 601 642 in
623 615 760 654 pagos
792 604 961 644 vicinos
991 604 1290 651 excursioneS,
1322 614 1511 654 quarum
1542 602 1711 641 fructus

82 667 272 708 viciniae
316 667 637 708 haereticorum
685 669 882 719 apertius
925 682 1058 720 quam
1107 681 1189 708 nos
1236 668 1321 719 ipsi
1370 667 1710 719 persentiscunt.

84 734 202 772 Inter
243 733 325 772 hos
355 733 403 773 P.
436 733 485 773 R.
517 735 667 772 noster
710 746 799 773 non
829 736 895 773 est
940 737 1204 785 postremus,
1236 733 1345 785 quin
1389 733 1539 780 etiam,
1571 733 1618 771 vt
1652 731 1713 770 fa-

80 798 286 838 cultatem
331 797 572 848 germanici
617 799 836 838 sermonis
866 799 952 838 sibi
1006 801 1141 850 paret,
1173 799 1308 838 semel
1339 799 1385 837 in
1419 796 1709 845 hebdomade,

81 863 186 902 dum
217 862 455 913 collegium
497 865 667 906 coenat,
700 864 1006 903 concionando
1053 875 1149 903 sese
1177 875 1376 903 exercere
1418 862 1545 902 solet.
1592 861 1713 901 Facit

82 928 277 978 optimus
321 928 367 967 P.
413 939 527 979 quae
567 940 779 979 syncerus
829 931 1005 968 nostrae
1049 929 1313 970 Germaniae
1359 930 1585 979 patronus,
1631 939 1686 966 ne

82 993 225 1032 dicam
255 981 499 1044 apostolus,
524 993 664 1033 facere
696 996 852 1044 potest,
876 994 1005 1034 cuius
1034 995 1095 1034 rei
1126 996 1259 1034 testes
1289 996 1419 1033 erunt
1447 992 1713 1033 durissimae

83 1057 474 1109 peregrinationes,
498 1060 539 1097 et
568 1059 782 1098 exantlati
813 1059 1007 1107 labores,
1031 1060 1189 1099 iterum
1220 1071 1270 1098 ac
1300 1059 1428 1098 tertio
1451 1058 1583 1097 Vnius
1604 1058 1712 1097 anni

81 1122 231 1173 spacio
274 1122 321 1161 in
363 1122 599 1174 collegium
632 1123 887 1171 viennense,
921 1136 1149 1175 pragense,
1182 1125 1224 1164 et
1256 1123 1585 1170 monachiense,
1616 1124 1711 1162 tum

84 1188 331 1238 Augustam
374 1200 565 1239 quoque,
612 1189 801 1239 pedestri
846 1201 1019 1240 semper
1062 1189 1218 1228 itinere
1261 1190 1474 1239 peractae.
1521 1187 1620 1227 Non
1649 1200 1713 1227 re·

82 1254 226 1304 petam
256 1253 433 1304 pietatis
472 1253 630 1301 officia,
662 1266 776 1305 quae
806 1255 947 1294 nostri
991 1255 1183 1295 subinde
1213 1255 1424 1294 exhibent
1454 1254 1525 1306 ijs,
1557 1254 1635 1305 qui
1665 1253 1713 1294 in

82 1318 354 1358 zenodochio
379 1318 561 1370 degunt,
585 1319 668 1359 hos
697 1320 970 1359 consolando
990 1322 1032 1359 et
1053 1320 1108 1359 ad
1131 1320 1387 1371 patientiam
1419 1319 1711 1367 exhortando,

82 1383 185 1423 illos
216 1396 317 1423 vero
361 1385 416 1423 ab
458 1397 603 1424 errore
641 1384 757 1424 circa
800 1385 931 1425 fidem
976 1386 1241 1426 reuocando.
1288 1385 1614 1436 Saepenumero
1658 1385 1713 1424 ad

81 1448 202 1488 ciues
248 1451 452 1500 aegrotos
483 1452 712 1497 vocantur,
753 1451 873 1501 quod
918 1463 1178 1501 persuasum
1222 1451 1417 1490 habeant
1459 1451 1711 1490 nostrorum

83 1515 176 1553 tum
206 1514 459 1566 colloquijs,
492 1516 585 1554 tum
615 1515 896 1555 orationibus
926 1528 971 1555 se
1002 1516 1284 1563 reualituros‚
1316 1518 1393 1555 aut
1423 1515 1585 1555 rectius
1615 1514 1712 1565 qui-

83 1579 181 1618 dem
224 1591 277 1619 ex
320 1580 402 1619 hac
441 1580 530 1619 vita
572 1581 854 1631 migraturos.
896 1581 1103 1632 Virgines
1146 1581 1317 1632 aliquot
1360 1581 1493 1620 etiam
1540 1580 1714 1620 nobiles

83 1646 335 1684 nostrorum
366 1657 504 1685 suasu
533 1646 589 1685 ad
620 1645 852 1697 religionis
884 1648 1062 1697 portum
1092 1647 1344 1698 confugere,
1367 1648 1409 1685 et
1438 1646 1526 1685 iam
1556 1657 1716 1697 agnos-

84 1711 190 1749 cunt
233 1710 476 1750 monachae
537 1711 835 1750 accessionem
879 1711 1079 1762 coenobij
1127 1712 1197 1751 sui
1236 1724 1262 1751 a
1291 1711 1423 1751 nobis
1471 1722 1633 1762 magna
1662 1722 1715 1750 ex

83 1776 206 1825 parte
248 1775 498 1826 prouenire‚
530 1775 904 1827 quemadmodum
948 1779 1096 1827 aperte
1140 1777 1281 1816 fassae
1326 1778 1443 1817 sunt.
1489 1775 1714 1826 Quaedam

83 1839 425 1879 honestissimae
468 1842 697 1880 matronae
727 1843 879 1880 nostra
922 1841 969 1880 in
1013 1842 1325 1892 spiritualibus
1354 1853 1486 1892 opera
1525 1840 1716 1880 libenter

85 1907 282 1953 vtuntur,
315 1917 428 1956 quae
472 1906 649 1957 pietatis
678 1904 785 1946 suae
829 1906 875 1946 in
907 1919 988 1946 nos
1018 1907 1216 1946 studium
1246 1918 1388 1958 nuper
1418 1906 1464 1946 in
1503 1905 1715 1957 primitiJ's

84 1971 131 2010 P.
160 1970 382 2010 Hermetis
411 1983 500 2011 non
530 1972 733 2011 obscuris
763 1972 944 2024 indicijs
975 1972 1287 2022 patefecerunt.
1313 1971 1574 2011 Certabatur
1593 1971 1713 2011 enim

83 2035 128 2075 in
158 2036 446 2076 exornatione
476 2037 627 2076 sacelli
672 2038 828 2085 nostri,
864 2040 907 2076 vt
937 2038 1171 2077 honestius
1204 2037 1394 2088 primum
1424 2037 1508 2076 hoc
1537 2048 1712 2076 sacrum

85 2104 364 2152 perageretur
394 2104 421 2141 1.
456 2101 631 2154 [Preces
658 2105 860 2154 postulat
903 2105 959 2143 ad
988 2117 1155 2143 novumn
1186 2102 1393 2154 aureum]

189 2167 451 2219 Ingolstadij
483 2168 545 2207 lli
575 2167 793 2220 Januarij,
825 2181 944 2208 anno
976 2169 1090 2209 1562.

191 2231 239 2272 T.
270 2232 322 2271 R.
356 2232 404 2271 P.
438 2232 652 2283 indignus
682 2232 803 2273 filius

1087 2322 1318 2363 GEORGIUS
1355 2321 1546 2362 CRISPUS
1576 2323 1606 2362 2.

146 2540 156 2558 ¹
180 2540 231 2572 De
254 2539 324 2572 hac
347 2549 385 2572 re
408 2540 594 2573 scribebat
617 2541 654 2574 P.
680 2541 853 2583 Lanoyus
878 2543 912 2574 11
938 2541 1124 2574 Octobris:
1153 2555 1168 2570 «
1185 2542 1342 2574 Maestro
1365 2541 1530 2573 Hel-meti
1559 2541 1717 2574 volendo

84 2592 110 2624 il
133 2592 288 2633 Signore
325 2593 407 2626 dira
442 2594 479 2626 la
516 2603 586 2626 sua
622 2595 741 2635 prima
778 2604 899 2627 messa
936 2595 1033 2627 nella
1069 2595 1165 2627 festa
1201 2595 1239 2627 di
1277 2595 1364 2637 tuttj
1404 2595 1579 2627 santi»...
1608 2594 1717 2636 Apud

83 2645 395 2679 BRAUNSBERGER:
420 2647 465 2680 B.
490 2647 601 2679 Petri
628 2647 786 2680 C'anisii
812 2648 950 2690 Epist„
976 2648 1038 2687 III,
1064 2650 1136 2682 244.

145 2700 158 2718 2
180 2699 222 2731 In
246 2700 414 2741 catalogo
452 2701 597 2742 collegii
633 2701 883 2743 Oenipontani
908 2702 988 2734 1565
1011 2703 1105 2742 (cod.
1134 2701 1262 2734 Germ.
1288 2702 1370 2735 131.
1396 2702 1419 2734 f.
1447 2701 1520 2743 1902)
1544 2701 1635 2734 haec
1672 2701 1717 2734 de

83 2752 194 2793 epist.
219 2753 369 2785 auctore
392 2754 586 2786 dicuntur:
614 2767 630 2783 «
647 2754 684 2786 P.
710 2754 891 2797 Georgius
915 2755 1068 2797 Crispus
1093 2755 1240 2797 [Kraus]
1269 2755 1486 2788 Germanus
1525 2754 1714 2788 Sacerdos.

83 2805 232 2838 Annum
255 2806 392 2838 aetatis
415 2807 494 2847 agit
517 2808 600 2839 99111
630 2807 826 2849 Ingressus
849 2809 906 2840 est
929 2808 1151 2841 Societatem
1176 2810 1266 2841 1555.
1292 2809 1387 2841 Vota
1410 2809 1527 2841 edidit
1544 2809 1717 2850 sequenti

84 2868 182 2891 anno
205 2859 244 2891 in
268 2859 362 2892 festo
385 2861 607 2893 Natiuitatis
634 2862 672 2893 B.
697 2862 877 2904 Virginis.
903 2863 1029 2895 Multis
1053 2864 1164 2895 annis
1187 2864 1313 2895 docuit
1347 2862 1585 2895 Rhetoricam
1608 2863 1645 2895 et
1666 2862 1718 2895 fa-

84 2912 260 2945 cultatem
283 2914 481 2946 oratoriam
508 2914 677 2956 aliasque
699 2915 840 2948 literas
866 2916 1062 2948 Praeditus
1086 2917 1142 2949 est
1176 2917 1272 2948 dono
1296 2917 1541 2948 concionandi
1565 2917 1601 2948 et
1624 2916 1717 2948 bene

82 2966 233 3007 regendi
265 2966 518 3008 juuentutem.
557 2967 664 3001 Valet
700 2969 900 3010 prudentia
922 2970 958 3002 et
989 2970 1065 3002 zelo
1088 2970 1330 3002 conuertendi
1368 2970 1514 3002 animas
1552 2970 1714 3005 Christo-

84 3018 211 3052 Posset
234 3028 318 3052 cum
340 3020 464 3053 fructu
491 3021 664 3054 Nouitios
687 3031 813 3064 regere
836 3023 873 3055 et
895 3023 935 3055 in
959 3023 1096 3065 spiritu
1130 3032 1358 3065 promouere.
1383 3023 1438 3056 Ad
1474 3024 1600 3057 studia
1623 3024 1717 3058 bene

83 3073 195 3114 aptus
218 3074 275 3106 est
290 3087 321 3106 ».
