2099 3516
476 265 556 301 572
584 285 626 291 —
655 265 841 301 BJLLOMO
867 263 890 298 3
916 262 1172 298 SEPTEMBRIS
1201 260 1288 296 1561
1586 260 1656 296 519

76 385 240 426 niculis
282 386 559 436 oppugnant,
593 384 749 435 vrgent
794 380 1021 427 conuiuis,
1064 380 1108 419 in
1148 379 1242 418 suis
1273 379 1485 418 conuitiis
1534 380 1577 417 et
1624 390 1705 429 pu-

76 451 205 491 blicis
250 449 427 489 coronis
475 449 681 499 produnt,
733 459 886 488 omnes
928 444 1175 485 abalienari
1220 443 1443 494 incipiunt
1485 456 1510 482 a
1554 443 1700 490 nobis,

76 515 216 555 toruis
246 526 328 554 nos
357 513 521 554 intueri
551 514 708 562 oculis,
742 513 815 552 vix
843 510 1019 562 dignari
1052 509 1189 561 loqui,
1221 509 1375 560 digitis
1413 519 1703 559 vnumquem-

76 593 161 632 que
191 581 391 620 nostrum
423 581 683 625 monstrare,
716 579 917 618 nostrum
950 575 1147 615 minitari
1178 574 1439 621 discessum,
1476 573 1703 613 clamitare

76 648 119 686 et
146 645 311 685 crebris
342 656 554 695 vsurpare
584 643 806 683 inuidiose
850 641 1133 681 sermonibus
1176 652 1258 679 nos
1304 639 1482 690 publico
1522 639 1704 677 senatus

78 710 337 762 parisiensis
366 709 539 749 decreto
578 710 762 749 reiectos
791 709 834 747 et
861 708 1039 746 exactos
1069 717 1092 744 e
1121 705 1281 745 Gallia.
1325 704 1393 743 Ad
1433 704 1542 743 haec
1571 703 1704 742 etiam

77 777 123 816 in
165 787 300 815 causa
343 787 424 815 sua
469 774 629 814 fortius
672 771 974 825 persequenda
1016 770 1110 820 (sed
1144 770 1189 809 id
1222 769 1411 809 maxime
1454 769 1500 807 in
1531 775 1701 807 causaa

75 841 500 888 clarmontanorum)
548 839 744 890 episcopi
795 836 1070 888 parisiensis.
1117 836 1362 878 doctorum,
1409 834 1706 873 franciscano-

77 918 190 954 rum,
213 905 614 947 dominicanorum,
636 903 980 947 carmelitarum,
1008 900 1435 952 augustiniensium,
1469 910 1704 949 puerorum

76 971 208 1011 etiam
239 982 351 1022 quos
381 971 516 1021 vulgo
547 971 704 1010 rubros
734 970 893 1007 vocant
915 969 943 1010 ¹,
976 966 1023 1005 in
1046 978 1126 1005 nos
1163 965 1392 1016 proferunt
1420 964 1438 989 b
1469 963 1704 1011 inuidiam,

78 1039 120 1077 vt
152 1036 196 1076 vi
227 1036 393 1075 maiore
424 1048 505 1075 nos
535 1047 612 1086 spe
642 1034 762 1074 omni
793 1033 1110 1079 disturbarent,
1153 1031 1311 1082 suique
1347 1030 1437 1070 voti
1467 1030 1707 1069 existerent

76 1104 325 1153 compotes:
360 1113 503 1152 neque
524 1102 642 1141 enim
665 1102 728 1140 tot
748 1100 1063 1149 tantorumque
1094 1097 1326 1136 hominum
1359 1096 1404 1135 in
1440 1108 1521 1135 nos
1552 1102 1568 1121 ⁰
1601 1106 1704 1134 con-

77 1179 236 1208 sensus
265 1169 308 1207 et
335 1166 607 1218 conspiratio
636 1165 654 1192 d
676 1165 731 1205 ad
752 1163 1072 1204 debilitandam
1094 1164 1134 1201 et
1156 1161 1486 1212 infringendam
1510 1162 1707 1200 nostram

77 1245 256 1273 causam
287 1244 443 1284 parum
473 1232 665 1271 habebat
695 1229 920 1269 momenti.
956 1229 1019 1267 Ita
1050 1228 1180 1267 nobis
1210 1239 1421 1278 perquam
1452 1225 1601 1265 varius
1631 1237 1708 1264 ne-

78 1298 186 1350 gotii
216 1297 362 1337 exitus
406 1297 504 1344 fuit,
537 1299 582 1336 vt
616 1295 753 1335 animi
799 1294 1092 1346 penderemus
1136 1303 1291 1332 omnes
1334 1291 1441 1342 quid
1485 1290 1708 1341 agendum

79 1364 202 1404 foret.
234 1362 378 1413 Quare
407 1362 652 1402 christiana
674 1360 815 1411 magis
837 1361 879 1398 et
901 1358 1141 1409 relligiosa,
1166 1369 1216 1397 ac
1237 1368 1368 1408 saepe
1398 1356 1444 1395 in
1475 1356 1706 1403 Societate‚

79 1428 245 1468 talibus
275 1428 321 1467 in
351 1427 512 1476 causis,
546 1426 748 1477 vsurpari
779 1424 911 1464 solita
941 1423 1265 1464 consuetudine
1305 1421 1421 1468 fulti,
1462 1433 1595 1472 quam
1625 1421 1710 1460 hu-

79 1494 224 1533 manis
272 1493 372 1533 tecti
421 1492 671 1544 praesidiis,
716 1503 860 1542 spero,
905 1489 1199 1536 orationibus,
1241 1487 1529 1534 abstinentia,
1561 1498 1711 1537 perpe-

79 1559 245 1599 tiendis
273 1559 440 1610 flagris,
473 1557 831 1597 aduersariorum
877 1555 1015 1594 fuisse
1044 1554 1248 1594 consiliis
1286 1554 1613 1604 peropportune
1642 1563 1712 1591 oc-

79 1635 286 1671 cursum;
335 1626 377 1662 vt
420 1635 520 1663 cum
566 1634 723 1674 magne
765 1623 913 1660 essent
956 1620 1171 1659 aduersae
1213 1618 1344 1658 nobis
1384 1617 1604 1665 ciuitates,
1636 1616 1712 1655 vix

80 1689 209 1741 pauci
244 1702 269 1728 a
313 1689 516 1740 partibus
559 1689 726 1727 starent
770 1686 950 1734 nostris,
982 1684 1336 1725 contradicerent
1372 1694 1505 1734 prope
1539 1693 1709 1730 omnes,

80 1755 257 1795 nullum
304 1754 446 1794 tutius
494 1753 752 1805 putauimus
795 1763 928 1802 quam
973 1751 1019 1789 in
1068 1750 1158 1789 Deo
1202 1749 1469 1801 perfugium.
1516 1747 1713 1797 Quadra-

81 1820 205 1872 ginta
261 1820 473 1859 horarum
517 1818 662 1869 spatio
706 1818 961 1868 perpetuate
1004 1827 1154 1867 preces
1197 1815 1293 1854 sine
1350 1812 1709 1860 intermissione3

82 1885 218 1924 multe
252 1885 466 1924 honestae
496 1883 704 1923 mulieres
734 1894 832 1922 cum
864 1882 966 1921 aliis
1001 1881 1182 1931 optimis
1222 1879 1491 1931 quibusdam
1535 1877 1714 1918 ciuibus

80 1962 171 1990 non
200 1951 431 1990 cessarunt
459 1957 475 1975 Θ
497 1949 568 1988 die
605 1960 781 1999 quoque
814 1947 986 1986 veneris
1025 1946 1239 1993 ieiunare,
1271 1945 1374 1984 flere
1417 1945 1617 1983 nostram
1652 1942 1713 1981 vi-

81 2027 189 2063 cem,
221 2015 398 2066 aliaque
428 2014 605 2065 pietatis
635 2025 833 2052 exercere
863 2024 1011 2063 opera,
1054 2013 1098 2050 vt
1137 2023 1160 2050 a
1201 2011 1291 2050 Deo
1336 2022 1414 2061 pro
1454 2008 1584 2048 nobis
1613 2019 1715 2058 sup-

83 2081 219 2132 plices
262 2091 407 2119 rerum
446 2079 647 2118 omnium
692 2078 989 2129 integritatem
1035 2077 1338 2128 impetrarent.
1380 2075 1451 2115 Sic
1490 2073 1714 2113 sensimus

83 2145 353 2197 pedetentim
383 2144 575 2195 opprimi
605 2155 779 2183 omnem
812 2143 857 2182 in
890 2154 971 2182 nos
1009 2144 1051 2181 et
1080 2141 1292 2193 episcopi,
1324 2143 1365 2180 et
1396 2140 1641 2185 doctorum,
1673 2139 1716 2177 et

83 2210 431 2250 mendicantium
476 2209 710 2255 inuidiam,
757 2211 803 2248 vt
846 2208 933 2247 iam
979 2207 1061 2247 Dei
1100 2206 1314 2246 beneficio
1357 2205 1534 2245 sedatos
1568 2204 1714 2255 placa-

82 2278 240 2327 tosque
269 2275 589 2315 existimemus.
635 2274 779 2325 Atque
809 2274 913 2313 dum
955 2274 1015 2313 ita
1046 2285 1092 2312 se
1122 2284 1191 2312 res
1221 2272 1368 2319 habet,
1393 2272 1576 2310 senatus
1606 2269 1716 2308 inte-

84 2342 165 2381 rim
197 2341 370 2381 decreto
401 2341 514 2380 facto
545 2339 815 2379 aduersariis
845 2339 1056 2378 omnibus
1087 2338 1339 2388 incoeptum
1374 2347 1552 2376 cursum
1584 2335 1716 2373 inter-

83 2406 205 2458 cipit,
236 2418 324 2457 quo
356 2405 505 2445 minus
536 2404 739 2456 progredi
771 2404 952 2455 longius
983 2405 1163 2454 possent
1192 2404 1230 2450 2ς
1263 2402 1382 2453 quod
1412 2409 1620 2451 cumj.⁴per
1641 2410 1717 2438 sex

84 2471 287 2511 latuisset
317 2482 506 2517 menses,
539 2481 618 2509 nec
647 2469 739 2509 illis
770 2470 965 2509 venisset
996 2469 1042 2508 in
1076 2468 1375 2519 cognitionem
1408 2468 1556 2505 nostre
1585 2476 1717 2504 cause

83 2536 254 2583 dilatio,
286 2538 329 2576 et
358 2536 436 2575 illo
480 2535 653 2575 decreto
683 2535 737 2574 ad
767 2534 1004 2574 concilium
1047 2533 1299 2584 proximum
1329 2531 1569 2579 reuocatio,
1602 2529 1717 2570 nihil

84 2602 172 2641 tale
208 2601 455 2653 cogitantes
495 2601 749 2652 (aduersum
779 2600 896 2640 enim
928 2602 1133 2639 senatum
1164 2599 1295 2638 nobis
1334 2597 1416 2637 rati
1457 2597 1681 2636 decretum
1707 2594 1721 2621 f

147 2769 166 2788 a
186 2761 224 2793 in
249 2770 364 2793 causa
386 2769 514 2802 supra
541 2769 639 2792 vers.
664 2778 703 2782 —
728 2760 745 2786 b
776 2759 967 2801 proferunt
1002 2768 1129 2800 supra
1152 2767 1268 2793 ver-52,
1295 2758 1415 2789 deleto
1439 2756 1519 2788 alio
1542 2765 1577 2788 v.
1616 2754 1720 2795 quod

86 2814 164 2856 legyi
191 2814 339 2855 nequit.
380 2833 418 2837 -
448 2821 462 2839 c
493 2814 532 2845 in
567 2821 636 2845 nos
673 2822 799 2854 supra
833 2822 934 2845 vers.
970 2831 1010 2834 —
1033 2812 1051 2838 d
1073 2813 1109 2844 et
1132 2811 1362 2852 conspiratio
1392 2819 1519 2851 supra
1552 2817 1655 2841 vers.
1680 2826 1719 2830 —

87 2876 103 2895 e
123 2867 206 2900 Del.
223 2867 368 2900 diebus.
386 2886 426 2890 —
449 2867 463 2893 f
487 2866 624 2899 Praee.
643 2875 678 2899 v.
697 2866 859 2899 obscure
872 2868 1096 2899 exaratum.

150 3007 159 3024 ¹
184 3004 335 3036 Alumni
359 3003 557 3036 cuiusdam
580 3002 737 3044 hospitii
761 3003 982 3044 parisiensis
1005 3011 1050 3035 ex
1073 3001 1233 3034 vestium
1257 3002 1377 3034 colore
1402 3001 1455 3033 ita
1478 2999 1613 3032 vocati.

148 3059 161 3078 ²
181 3057 275 3092 Vide
298 3057 350 3090 sis
374 3057 499 3099 Epist.
524 3056 602 3089 ΡΡ.
627 3056 783 3089 Broet...
807 3057 881 3089 252.
