<?xml version="1.0" encoding="UTF-8"?>
<!DOCTYPE html PUBLIC "-//W3C//DTD XHTML 1.0 Transitional//EN"
    "http://www.w3.org/TR/xhtml1/DTD/xhtml1-transitional.dtd">
<html xmlns="http://www.w3.org/1999/xhtml" xml:lang="en" lang="en">
 <head>
  <title>
</title>
<meta http-equiv="Content-Type" content="text/html;charset=utf-8" />
  <meta name='ocr-system' content='tesseract 3.04.00' />
  <meta name='ocr-capabilities' content='ocr_page ocr_carea ocr_par ocr_line ocrx_word'/>
</head>
<body>
  <div class='ocr_page' id='page_1' title='image "./litteraequadrime19lain_0282.png"; bbox 0 0 2099 3516; ppageno 0'>
   <div class='ocr_carea' id='block_1_1' title="bbox 436 272 1489 317">
    <p class='ocr_par' dir='ltr' id='par_1_1' title="bbox 436 272 1489 317">
     <span class='ocr_line' id='line_1_1' title="bbox 436 272 1489 317; baseline 0.001 -9"><span class='ocrx_word' id='word_1_1' title='bbox 436 273 506 309; x_wconf 66' lang='lat'>0356</span> <span class='ocrx_word' id='word_1_2' title='bbox 908 274 1112 309; x_wconf 75' lang='lat' dir='ltr'><strong>LITTERAE</strong></span> <span class='ocrx_word' id='word_1_3' title='bbox 1146 272 1489 317; x_wconf 70' lang='lat' dir='ltr'>QUADmMEsrREs</span> 
     </span>
    </p>
   </div>
   <div class='ocr_carea' id='block_1_2' title="bbox 386 389 2007 2768">
    <p class='ocr_par' dir='ltr' id='par_1_2' title="bbox 386 389 2007 2768">
     <span class='ocr_line' id='line_1_2' title="bbox 388 389 2004 442; baseline 0.003 -13"><span class='ocrx_word' id='word_1_4' title='bbox 388 389 581 430; x_wconf 85' lang='lat' dir='ltr'>nostram</span> <span class='ocrx_word' id='word_1_5' title='bbox 606 390 866 431; x_wconf 77' lang='lat' dir='ltr'>Societatem</span> <span class='ocrx_word' id='word_1_6' title='bbox 889 391 1026 430; x_wconf 89' lang='lat' dir='ltr'>animi</span> <span class='ocrx_word' id='word_1_7' title='bbox 1050 391 1300 442; x_wconf 79' lang='lat' dir='ltr'>propensio,</span> <span class='ocrx_word' id='word_1_8' title='bbox 1319 394 1367 431; x_wconf 88' lang='lat' dir='ltr'>ut</span> <span class='ocrx_word' id='word_1_9' title='bbox 1387 391 1424 430; x_wconf 91' lang='lat' dir='ltr'>si</span> <span class='ocrx_word' id='word_1_10' title='bbox 1447 392 1635 432; x_wconf 83' lang='lat' dir='ltr'>maxime</span> <span class='ocrx_word' id='word_1_11' title='bbox 1655 393 1804 439; x_wconf 85' lang='lat' dir='ltr'>uelim,</span> <span class='ocrx_word' id='word_1_12' title='bbox 1823 394 2004 434; x_wconf 89' lang='lat' dir='ltr'>omnino</span> 
     </span>
     <span class='ocr_line' id='line_1_3' title="bbox 387 452 2005 509; baseline 0.002 -16"><span class='ocrx_word' id='word_1_13' title='bbox 387 452 533 493; x_wconf 88' lang='lat' dir='ltr'>tamen</span> <span class='ocrx_word' id='word_1_14' title='bbox 564 455 717 497; x_wconf 84' lang='lat' dir='ltr'>laudes</span> <span class='ocrx_word' id='word_1_15' title='bbox 746 455 843 494; x_wconf 88' lang='lat' dir='ltr'>eius</span> <span class='ocrx_word' id='word_1_16' title='bbox 872 457 1012 494; x_wconf 86' lang='lat' dir='ltr'>tacere</span> <span class='ocrx_word' id='word_1_17' title='bbox 1042 467 1130 494; x_wconf 88' lang='lat' dir='ltr'>non</span> <span class='ocrx_word' id='word_1_18' title='bbox 1162 456 1342 505; x_wconf 91' lang='lat' dir='ltr'>possim.</span> <span class='ocrx_word' id='word_1_19' title='bbox 1367 455 1497 495; x_wconf 86' lang='lat' dir='ltr'>Solus</span> <span class='ocrx_word' id='word_1_20' title='bbox 1518 456 1605 495; x_wconf 88' lang='lat' dir='ltr'>fere</span> <span class='ocrx_word' id='word_1_21' title='bbox 1626 456 1697 496; x_wconf 91' lang='lat' dir='ltr'>hic</span> <span class='ocrx_word' id='word_1_22' title='bbox 1717 459 1783 496; x_wconf 84' lang='lat' dir='ltr'>est</span> <span class='ocrx_word' id='word_1_23' title='bbox 1804 458 2005 509; x_wconf 90' lang='lat' dir='ltr'>princeps</span> 
     </span>
     <span class='ocr_line' id='line_1_4' title="bbox 388 518 2005 570; baseline 0.002 -13"><span class='ocrx_word' id='word_1_24' title='bbox 388 518 435 557; x_wconf 91' lang='lat' dir='ltr'>in</span> <span class='ocrx_word' id='word_1_25' title='bbox 463 520 554 558; x_wconf 81' lang='lat' dir='ltr'>tota</span> <span class='ocrx_word' id='word_1_26' title='bbox 584 519 820 559; x_wconf 75' lang='lat' dir='ltr'>Germania</span> <span class='ocrx_word' id='word_1_27' title='bbox 851 521 1016 566; x_wconf 87' lang='lat' dir='ltr'>nostra,</span> <span class='ocrx_word' id='word_1_28' title='bbox 1047 519 1123 570; x_wconf 91' lang='lat' dir='ltr'>qui</span> <span class='ocrx_word' id='word_1_29' title='bbox 1162 520 1422 559; x_wconf 80' lang='lat' dir='ltr'>catholicam</span> <span class='ocrx_word' id='word_1_30' title='bbox 1472 520 1685 560; x_wconf 89' lang='lat' dir='ltr'>hactenus</span> <span class='ocrx_word' id='word_1_31' title='bbox 1731 522 1859 561; x_wconf 85' lang='lat' dir='ltr'>fidem</span> <span class='ocrx_word' id='word_1_32' title='bbox 1908 522 2005 561; x_wconf 87' lang='lat' dir='ltr'>reti-</span> 
     </span>
     <span class='ocr_line' id='line_1_5' title="bbox 387 583 2006 636; baseline 0.002 -15"><span class='ocrx_word' id='word_1_33' title='bbox 387 583 548 631; x_wconf 87' lang='lat' dir='ltr'>nuerit,</span> <span class='ocrx_word' id='word_1_34' title='bbox 580 596 658 634; x_wconf 89' lang='lat' dir='ltr'>pro</span> <span class='ocrx_word' id='word_1_35' title='bbox 687 596 773 634; x_wconf 92' lang='lat' dir='ltr'>qua</span> <span class='ocrx_word' id='word_1_36' title='bbox 803 583 932 622; x_wconf 90' lang='lat' dir='ltr'>etiam</span> <span class='ocrx_word' id='word_1_37' title='bbox 965 584 1020 622; x_wconf 91' lang='lat' dir='ltr'>ab</span> <span class='ocrx_word' id='word_1_38' title='bbox 1050 583 1287 631; x_wconf 91' lang='lat' dir='ltr'>erroribus,</span> <span class='ocrx_word' id='word_1_39' title='bbox 1320 584 1483 634; x_wconf 92' lang='lat' dir='ltr'>quibus</span> <span class='ocrx_word' id='word_1_40' title='bbox 1532 585 1660 635; x_wconf 88' lang='lat' dir='ltr'>plena</span> <span class='ocrx_word' id='word_1_41' title='bbox 1707 586 1871 636; x_wconf 90' lang='lat' dir='ltr'>passim</span> <span class='ocrx_word' id='word_1_42' title='bbox 1901 587 2006 625; x_wconf 89' lang='lat' dir='ltr'>sunt</span> 
     </span>
     <span class='ocr_line' id='line_1_6' title="bbox 387 646 2004 701; baseline 0.002 -16"><span class='ocrx_word' id='word_1_43' title='bbox 387 646 460 686; x_wconf 89' lang='lat' dir='ltr'>hic</span> <span class='ocrx_word' id='word_1_44' title='bbox 488 647 652 693; x_wconf 88' lang='lat' dir='ltr'>omnia,</span> <span class='ocrx_word' id='word_1_45' title='bbox 684 647 954 686; x_wconf 84' lang='lat' dir='ltr'>uindicanda</span> <span class='ocrx_word' id='word_1_46' title='bbox 983 649 1154 687; x_wconf 88' lang='lat' dir='ltr'>tantum</span> <span class='ocrx_word' id='word_1_47' title='bbox 1183 648 1363 687; x_wconf 82' lang='lat' dir='ltr'>adhibet</span> <span class='ocrx_word' id='word_1_48' title='bbox 1391 649 1525 699; x_wconf 86' lang='lat' dir='ltr'>studij</span> <span class='ocrx_word' id='word_1_49' title='bbox 1558 651 1600 688; x_wconf 88' lang='lat' dir='ltr'>et</span> <span class='ocrx_word' id='word_1_50' title='bbox 1628 661 1799 700; x_wconf 83' lang='lat' dir='ltr'>operae,</span> <span class='ocrx_word' id='word_1_51' title='bbox 1830 652 1879 689; x_wconf 91' lang='lat' dir='ltr'>ut</span> <span class='ocrx_word' id='word_1_52' title='bbox 1920 650 2004 701; x_wconf 88' lang='lat' dir='ltr'>ipsi</span> 
     </span>
     <span class='ocr_line' id='line_1_7' title="bbox 387 711 2005 765; baseline 0.002 -15"><span class='ocrx_word' id='word_1_53' title='bbox 387 711 518 750; x_wconf 89' lang='lat' dir='ltr'>etiam</span> <span class='ocrx_word' id='word_1_54' title='bbox 550 712 737 763; x_wconf 89' lang='lat' dir='ltr'>me[rito]</span> <span class='ocrx_word' id='word_1_55' title='bbox 768 719 787 738; x_wconf 65' lang='lat' dir='ltr'>a</span> <span class='ocrx_word' id='word_1_56' title='bbox 818 712 1033 751; x_wconf 82' lang='lat' dir='ltr'>mirentur</span> <span class='ocrx_word' id='word_1_57' title='bbox 1064 713 1323 763; x_wconf 88' lang='lat' dir='ltr'>aduersarij.</span> <span class='ocrx_word' id='word_1_58' title='bbox 1357 712 1553 764; x_wconf 89' lang='lat' dir='ltr'>Cumque</span> <span class='ocrx_word' id='word_1_59' title='bbox 1582 714 1807 765; x_wconf 87' lang='lat' dir='ltr'>neglectus</span> <span class='ocrx_word' id='word_1_60' title='bbox 1842 715 2005 765; x_wconf 88' lang='lat' dir='ltr'>passim</span> 
     </span>
     <span class='ocr_line' id='line_1_8' title="bbox 388 775 2005 830; baseline 0.003 -16"><span class='ocrx_word' id='word_1_61' title='bbox 388 775 527 815; x_wconf 89' lang='lat' dir='ltr'>iaceat</span> <span class='ocrx_word' id='word_1_62' title='bbox 555 777 701 815; x_wconf 90' lang='lat' dir='ltr'>cultus</span> <span class='ocrx_word' id='word_1_63' title='bbox 717 776 900 815; x_wconf 90' lang='lat' dir='ltr'>diuinus</span> <span class='ocrx_word' id='word_1_64' title='bbox 920 776 967 815; x_wconf 92' lang='lat' dir='ltr'>in</span> <span class='ocrx_word' id='word_1_65' title='bbox 988 777 1070 816; x_wconf 89' lang='lat' dir='ltr'>hac</span> <span class='ocrx_word' id='word_1_66' title='bbox 1091 776 1341 824; x_wconf 82' lang='lat' dir='ltr'>Germania,</span> <span class='ocrx_word' id='word_1_67' title='bbox 1365 778 1500 817; x_wconf 86' lang='lat' dir='ltr'>tantis</span> <span class='ocrx_word' id='word_1_68' title='bbox 1521 778 1614 828; x_wconf 90' lang='lat' dir='ltr'>ipse</span> <span class='ocrx_word' id='word_1_69' title='bbox 1634 790 1731 818; x_wconf 89' lang='lat' dir='ltr'>eum</span> <span class='ocrx_word' id='word_1_70' title='bbox 1755 780 2005 830; x_wconf 84' lang='lat' dir='ltr'>sumptibus</span> 
     </span>
     <span class='ocr_line' id='line_1_9' title="bbox 387 842 2005 892; baseline 0.002 -13"><span class='ocrx_word' id='word_1_71' title='bbox 387 851 664 888; x_wconf 88' lang='lat' dir='ltr'>conseruare,</span> <span class='ocrx_word' id='word_1_72' title='bbox 695 852 852 880; x_wconf 88' lang='lat' dir='ltr'>ornare</span> <span class='ocrx_word' id='word_1_73' title='bbox 882 843 922 880; x_wconf 83' lang='lat' dir='ltr'>et</span> <span class='ocrx_word' id='word_1_74' title='bbox 954 853 1211 892; x_wconf 88' lang='lat' dir='ltr'>promouere</span> <span class='ocrx_word' id='word_1_75' title='bbox 1241 842 1286 880; x_wconf 89' lang='lat' dir='ltr'>in</span> <span class='ocrx_word' id='word_1_76' title='bbox 1316 842 1411 881; x_wconf 89' lang='lat' dir='ltr'>dies</span> <span class='ocrx_word' id='word_1_77' title='bbox 1440 843 1601 890; x_wconf 81' lang='lat' dir='ltr'>studet,</span> <span class='ocrx_word' id='word_1_78' title='bbox 1633 845 1682 882; x_wconf 89' lang='lat' dir='ltr'>ut</span> <span class='ocrx_word' id='word_1_79' title='bbox 1711 843 1814 883; x_wconf 91' lang='lat' dir='ltr'>huic</span> <span class='ocrx_word' id='word_1_80' title='bbox 1839 844 1922 883; x_wconf 90' lang='lat' dir='ltr'>soli</span> <span class='ocrx_word' id='word_1_81' title='bbox 1943 844 2005 883; x_wconf 92' lang='lat' dir='ltr'>rei</span> 
     </span>
     <span class='ocr_line' id='line_1_10' title="bbox 388 905 2006 958; baseline 0.003 -16"><span class='ocrx_word' id='word_1_82' title='bbox 388 916 545 943; x_wconf 89' lang='lat' dir='ltr'>uacare</span> <span class='ocrx_word' id='word_1_83' title='bbox 577 905 801 952; x_wconf 86' lang='lat' dir='ltr'>uideatur;</span> <span class='ocrx_word' id='word_1_84' title='bbox 834 917 1007 944; x_wconf 88' lang='lat' dir='ltr'>sacrum</span> <span class='ocrx_word' id='word_1_85' title='bbox 1038 918 1062 945; x_wconf 92' lang='lat' dir='ltr'>a</span> <span class='ocrx_word' id='word_1_86' title='bbox 1092 906 1275 945; x_wconf 87' lang='lat' dir='ltr'>musicis</span> <span class='ocrx_word' id='word_1_87' title='bbox 1304 906 1399 945; x_wconf 76' lang='lat' dir='ltr'>suis</span> <span class='ocrx_word' id='word_1_88' title='bbox 1427 907 1707 946; x_wconf 80' lang='lat' dir='ltr'>decantatum</span> <span class='ocrx_word' id='word_1_89' title='bbox 1737 907 1934 958; x_wconf 90' lang='lat' dir='ltr'>quotidie</span> <span class='ocrx_word' id='word_1_90' title='bbox 1953 919 2006 947; x_wconf 88' lang='lat' dir='ltr'>ex</span> 
     </span>
     <span class='ocr_line' id='line_1_11' title="bbox 388 969 2005 1023; baseline 0.002 -16"><span class='ocrx_word' id='word_1_91' title='bbox 388 980 507 1007; x_wconf 90' lang='lat' dir='ltr'>more</span> <span class='ocrx_word' id='word_1_92' title='bbox 535 969 674 1017; x_wconf 87' lang='lat' dir='ltr'>audit,</span> <span class='ocrx_word' id='word_1_93' title='bbox 705 971 747 1008; x_wconf 89' lang='lat' dir='ltr'>et</span> <span class='ocrx_word' id='word_1_94' title='bbox 776 969 925 1009; x_wconf 90' lang='lat' dir='ltr'>nescio</span> <span class='ocrx_word' id='word_1_95' title='bbox 954 970 991 1009; x_wconf 93' lang='lat' dir='ltr'>si</span> <span class='ocrx_word' id='word_1_96' title='bbox 1021 971 1336 1010; x_wconf 88' lang='lat' dir='ltr'>catholicorum</span> <span class='ocrx_word' id='word_1_97' title='bbox 1372 971 1623 1022; x_wconf 84' lang='lat' dir='ltr'>principum</span> <span class='ocrx_word' id='word_1_98' title='bbox 1644 972 1879 1023; x_wconf 89' lang='lat' dir='ltr'>quisquam</span> <span class='ocrx_word' id='word_1_99' title='bbox 1899 972 1938 1011; x_wconf 89' lang='lat' dir='ltr'>ei</span> <span class='ocrx_word' id='word_1_100' title='bbox 1960 972 2005 1011; x_wconf 91' lang='lat' dir='ltr'>in</span> 
     </span>
     <span class='ocr_line' id='line_1_12' title="bbox 386 1033 2005 1086; baseline 0.002 -14"><span class='ocrx_word' id='word_1_101' title='bbox 386 1033 655 1073; x_wconf 80' lang='lat' dir='ltr'>exornandis</span> <span class='ocrx_word' id='word_1_102' title='bbox 684 1034 915 1081; x_wconf 85' lang='lat' dir='ltr'>altaribus,</span> <span class='ocrx_word' id='word_1_103' title='bbox 946 1046 1186 1086; x_wconf 90' lang='lat' dir='ltr'>eorumque</span> <span class='ocrx_word' id='word_1_104' title='bbox 1216 1035 1447 1083; x_wconf 85' lang='lat' dir='ltr'>ministris,</span> <span class='ocrx_word' id='word_1_105' title='bbox 1478 1037 1722 1086; x_wconf 88' lang='lat' dir='ltr'>comparari</span> <span class='ocrx_word' id='word_1_106' title='bbox 1770 1037 1853 1076; x_wconf 92' lang='lat' dir='ltr'>hoc</span> <span class='ocrx_word' id='word_1_107' title='bbox 1898 1039 2005 1076; x_wconf 89' lang='lat' dir='ltr'>tem-</span> 
     </span>
     <span class='ocr_line' id='line_1_13' title="bbox 387 1098 2006 1152; baseline 0.002 -15"><span class='ocrx_word' id='word_1_108' title='bbox 387 1109 491 1148; x_wconf 86' lang='lat' dir='ltr'>pore</span> <span class='ocrx_word' id='word_1_109' title='bbox 521 1098 673 1148; x_wconf 87' lang='lat' dir='ltr'>possit.</span> <span class='ocrx_word' id='word_1_110' title='bbox 707 1098 980 1138; x_wconf 90' lang='lat' dir='ltr'>Auidissime</span> <span class='ocrx_word' id='word_1_111' title='bbox 1009 1100 1244 1139; x_wconf 89' lang='lat' dir='ltr'>conciones</span> <span class='ocrx_word' id='word_1_112' title='bbox 1273 1111 1386 1150; x_wconf 90' lang='lat' dir='ltr'>quae</span> <span class='ocrx_word' id='word_1_113' title='bbox 1415 1113 1438 1139; x_wconf 92' lang='lat' dir='ltr'>a</span> <span class='ocrx_word' id='word_1_114' title='bbox 1469 1101 1633 1140; x_wconf 82' lang='lat' dir='ltr'>nostris</span> <span class='ocrx_word' id='word_1_115' title='bbox 1658 1101 1784 1149; x_wconf 87' lang='lat' dir='ltr'>fiunt,</span> <span class='ocrx_word' id='word_1_116' title='bbox 1807 1104 2006 1152; x_wconf 85' lang='lat' dir='ltr'>expetere</span> 
     </span>
     <span class='ocr_line' id='line_1_14' title="bbox 387 1163 2005 1215; baseline 0.002 -14"><span class='ocrx_word' id='word_1_117' title='bbox 387 1164 429 1201; x_wconf 92' lang='lat' dir='ltr'>et</span> <span class='ocrx_word' id='word_1_118' title='bbox 457 1163 610 1202; x_wconf 89' lang='lat' dir='ltr'>audire</span> <span class='ocrx_word' id='word_1_119' title='bbox 639 1163 772 1210; x_wconf 68' lang='lat' dir='ltr'>solet,</span> <span class='ocrx_word' id='word_1_120' title='bbox 807 1164 920 1203; x_wconf 88' lang='lat' dir='ltr'>vnde</span> <span class='ocrx_word' id='word_1_121' title='bbox 949 1164 1127 1215; x_wconf 91' lang='lat' dir='ltr'>saepius</span> <span class='ocrx_word' id='word_1_122' title='bbox 1156 1165 1202 1203; x_wconf 93' lang='lat' dir='ltr'>in</span> <span class='ocrx_word' id='word_1_123' title='bbox 1232 1165 1380 1204; x_wconf 90' lang='lat' dir='ltr'>aulam</span> <span class='ocrx_word' id='word_1_124' title='bbox 1410 1177 1537 1204; x_wconf 88' lang='lat' dir='ltr'>suam</span> <span class='ocrx_word' id='word_1_125' title='bbox 1567 1167 1742 1205; x_wconf 91' lang='lat' dir='ltr'>nostros</span> <span class='ocrx_word' id='word_1_126' title='bbox 1780 1166 1915 1205; x_wconf 91' lang='lat' dir='ltr'>huius</span> <span class='ocrx_word' id='word_1_127' title='bbox 1944 1166 2005 1205; x_wconf 90' lang='lat' dir='ltr'>rei</span> 
     </span>
     <span class='ocr_line' id='line_1_15' title="bbox 387 1227 2006 1278; baseline 0.002 -12"><span class='ocrx_word' id='word_1_128' title='bbox 387 1227 529 1278; x_wconf 85' lang='lat' dir='ltr'>gratia</span> <span class='ocrx_word' id='word_1_129' title='bbox 557 1228 733 1267; x_wconf 89' lang='lat' dir='ltr'>euocari</span> <span class='ocrx_word' id='word_1_130' title='bbox 763 1228 898 1268; x_wconf 87' lang='lat' dir='ltr'>iubet.</span> <span class='ocrx_word' id='word_1_131' title='bbox 933 1229 1220 1268; x_wconf 88' lang='lat' dir='ltr'>Hebdomada</span> <span class='ocrx_word' id='word_1_132' title='bbox 1249 1231 1363 1269; x_wconf 90' lang='lat' dir='ltr'>certe</span> <span class='ocrx_word' id='word_1_133' title='bbox 1392 1232 1545 1269; x_wconf 89' lang='lat' dir='ltr'>sancta</span> <span class='ocrx_word' id='word_1_134' title='bbox 1574 1242 1673 1269; x_wconf 89' lang='lat' dir='ltr'>cum</span> <span class='ocrx_word' id='word_1_135' title='bbox 1717 1230 1771 1269; x_wconf 89' lang='lat' dir='ltr'>ad</span> <span class='ocrx_word' id='word_1_136' title='bbox 1808 1230 2006 1270; x_wconf 88' lang='lat' dir='ltr'>uicinum</span> 
     </span>
     <span class='ocr_line' id='line_1_16' title="bbox 387 1291 2006 1346; baseline 0.002 -15"><span class='ocrx_word' id='word_1_137' title='bbox 387 1291 492 1331; x_wconf 91' lang='lat' dir='ltr'>huic</span> <span class='ocrx_word' id='word_1_138' title='bbox 520 1292 619 1331; x_wconf 89' lang='lat' dir='ltr'>urbi</span> <span class='ocrx_word' id='word_1_139' title='bbox 650 1293 966 1333; x_wconf 90' lang='lat' dir='ltr'>monasterium</span> <span class='ocrx_word' id='word_1_140' title='bbox 996 1305 1042 1333; x_wconf 91' lang='lat' dir='ltr'>se</span> <span class='ocrx_word' id='word_1_141' title='bbox 1079 1293 1217 1332; x_wconf 90' lang='lat' dir='ltr'>animi</span> <span class='ocrx_word' id='word_1_142' title='bbox 1264 1294 1500 1345; x_wconf 87' lang='lat' dir='ltr'>colligendi</span> <span class='ocrx_word' id='word_1_143' title='bbox 1548 1295 1689 1345; x_wconf 88' lang='lat' dir='ltr'>gratia</span> <span class='ocrx_word' id='word_1_144' title='bbox 1736 1295 1926 1346; x_wconf 90' lang='lat' dir='ltr'>recipere</span> <span class='ocrx_word' id='word_1_145' title='bbox 1954 1307 2006 1334; x_wconf 92' lang='lat' dir='ltr'>ex</span> 
     </span>
     <span class='ocr_line' id='line_1_17' title="bbox 387 1357 2006 1410; baseline 0.002 -15"><span class='ocrx_word' id='word_1_146' title='bbox 387 1368 506 1396; x_wconf 89' lang='lat' dir='ltr'>more</span> <span class='ocrx_word' id='word_1_147' title='bbox 535 1357 777 1405; x_wconf 86' lang='lat' dir='ltr'>statuisset,</span> <span class='ocrx_word' id='word_1_148' title='bbox 810 1369 948 1397; x_wconf 90' lang='lat' dir='ltr'>unum</span> <span class='ocrx_word' id='word_1_149' title='bbox 978 1370 1029 1397; x_wconf 91' lang='lat' dir='ltr'>ex</span> <span class='ocrx_word' id='word_1_150' title='bbox 1059 1358 1223 1398; x_wconf 86' lang='lat' dir='ltr'>nostris</span> <span class='ocrx_word' id='word_1_151' title='bbox 1252 1359 1327 1409; x_wconf 92' lang='lat' dir='ltr'>qui</span> <span class='ocrx_word' id='word_1_152' title='bbox 1358 1361 1510 1398; x_wconf 89' lang='lat' dir='ltr'>sancto</span> <span class='ocrx_word' id='word_1_153' title='bbox 1540 1359 1618 1399; x_wconf 94' lang='lat' dir='ltr'>illo</span> <span class='ocrx_word' id='word_1_154' title='bbox 1661 1362 1853 1410; x_wconf 87' lang='lat' dir='ltr'>tempore</span> <span class='ocrx_word' id='word_1_155' title='bbox 1882 1372 1908 1399; x_wconf 91' lang='lat' dir='ltr'>a</span> <span class='ocrx_word' id='word_1_156' title='bbox 1936 1372 2006 1399; x_wconf 91' lang='lat' dir='ltr'>sa-</span> 
     </span>
     <span class='ocr_line' id='line_1_18' title="bbox 387 1422 2007 1470; baseline 0.002 -9"><span class='ocrx_word' id='word_1_157' title='bbox 387 1422 474 1461; x_wconf 90' lang='lat' dir='ltr'>cris</span> <span class='ocrx_word' id='word_1_158' title='bbox 502 1422 541 1461; x_wconf 90' lang='lat' dir='ltr'>ei</span> <span class='ocrx_word' id='word_1_159' title='bbox 571 1424 686 1461; x_wconf 89' lang='lat' dir='ltr'>esset</span> <span class='ocrx_word' id='word_1_160' title='bbox 714 1422 1019 1470; x_wconf 88' lang='lat' dir='ltr'>concionibus,</span> <span class='ocrx_word' id='word_1_161' title='bbox 1051 1423 1233 1462; x_wconf 92' lang='lat' dir='ltr'>omnino</span> <span class='ocrx_word' id='word_1_162' title='bbox 1263 1424 1407 1463; x_wconf 91' lang='lat' dir='ltr'>uoluit</span> <span class='ocrx_word' id='word_1_163' title='bbox 1435 1424 1650 1463; x_wconf 89' lang='lat' dir='ltr'>comitari.</span> <span class='ocrx_word' id='word_1_164' title='bbox 1684 1424 1826 1464; x_wconf 88' lang='lat' dir='ltr'>Habet</span> <span class='ocrx_word' id='word_1_165' title='bbox 1854 1427 1896 1464; x_wconf 91' lang='lat' dir='ltr'>et</span> <span class='ocrx_word' id='word_1_166' title='bbox 1925 1425 2007 1464; x_wconf 92' lang='lat' dir='ltr'>hoc</span> 
     </span>
     <span class='ocr_line' id='line_1_19' title="bbox 387 1486 2005 1540; baseline 0.003 -16"><span class='ocrx_word' id='word_1_167' title='bbox 387 1497 466 1536; x_wconf 91' lang='lat' dir='ltr'>pro</span> <span class='ocrx_word' id='word_1_168' title='bbox 496 1498 614 1525; x_wconf 89' lang='lat' dir='ltr'>more</span> <span class='ocrx_word' id='word_1_169' title='bbox 644 1486 759 1525; x_wconf 90' lang='lat' dir='ltr'>idem</span> <span class='ocrx_word' id='word_1_170' title='bbox 789 1486 890 1537; x_wconf 92' lang='lat' dir='ltr'>pius</span> <span class='ocrx_word' id='word_1_171' title='bbox 919 1487 1136 1538; x_wconf 87' lang='lat' dir='ltr'>princeps,</span> <span class='ocrx_word' id='word_1_172' title='bbox 1168 1489 1216 1527; x_wconf 87' lang='lat' dir='ltr'>ut</span> <span class='ocrx_word' id='word_1_173' title='bbox 1244 1488 1393 1527; x_wconf 91' lang='lat' dir='ltr'>omnia</span> <span class='ocrx_word' id='word_1_174' title='bbox 1414 1489 1538 1528; x_wconf 92' lang='lat' dir='ltr'>urbis</span> <span class='ocrx_word' id='word_1_175' title='bbox 1559 1489 1823 1528; x_wconf 90' lang='lat' dir='ltr'>monasteria</span> <span class='ocrx_word' id='word_1_176' title='bbox 1845 1489 1890 1528; x_wconf 92' lang='lat' dir='ltr'>in</span> <span class='ocrx_word' id='word_1_177' title='bbox 1913 1501 2005 1540; x_wconf 86' lang='lat' dir='ltr'>per-</span> 
     </span>
     <span class='ocr_line' id='line_1_20' title="bbox 387 1551 2007 1605; baseline 0.002 -16"><span class='ocrx_word' id='word_1_178' title='bbox 387 1562 495 1590; x_wconf 90' lang='lat' dir='ltr'>sona</span> <span class='ocrx_word' id='word_1_179' title='bbox 525 1551 766 1602; x_wconf 89' lang='lat' dir='ltr'>aliquando</span> <span class='ocrx_word' id='word_1_180' title='bbox 797 1551 927 1598; x_wconf 90' lang='lat' dir='ltr'>uisat,</span> <span class='ocrx_word' id='word_1_181' title='bbox 959 1552 1287 1603; x_wconf 89' lang='lat' dir='ltr'>prouidensque</span> <span class='ocrx_word' id='word_1_182' title='bbox 1315 1564 1368 1592; x_wconf 93' lang='lat' dir='ltr'>ex</span> <span class='ocrx_word' id='word_1_183' title='bbox 1397 1553 1500 1592; x_wconf 91' lang='lat' dir='ltr'>aula</span> <span class='ocrx_word' id='word_1_184' title='bbox 1528 1565 1609 1592; x_wconf 90' lang='lat' dir='ltr'>sua</span> <span class='ocrx_word' id='word_1_185' title='bbox 1656 1554 1709 1593; x_wconf 91' lang='lat' dir='ltr'>de</span> <span class='ocrx_word' id='word_1_186' title='bbox 1746 1554 2007 1605; x_wconf 88' lang='lat' dir='ltr'>necessarijs</span> 
     </span>
     <span class='ocr_line' id='line_1_21' title="bbox 388 1615 2004 1670; baseline 0.002 -16"><span class='ocrx_word' id='word_1_187' title='bbox 388 1615 511 1666; x_wconf 90' lang='lat' dir='ltr'>prius</span> <span class='ocrx_word' id='word_1_188' title='bbox 540 1616 763 1663; x_wconf 89' lang='lat' dir='ltr'>omnibus,</span> <span class='ocrx_word' id='word_1_189' title='bbox 795 1616 943 1655; x_wconf 88' lang='lat' dir='ltr'>cibum</span> <span class='ocrx_word' id='word_1_190' title='bbox 987 1616 1031 1655; x_wconf 90' lang='lat' dir='ltr'>in</span> <span class='ocrx_word' id='word_1_191' title='bbox 1062 1616 1217 1667; x_wconf 87' lang='lat' dir='ltr'>ijsdem</span> <span class='ocrx_word' id='word_1_192' title='bbox 1253 1617 1362 1656; x_wconf 91' lang='lat' dir='ltr'>locis</span> <span class='ocrx_word' id='word_1_193' title='bbox 1409 1620 1567 1658; x_wconf 87' lang='lat' dir='ltr'>sumat.</span> <span class='ocrx_word' id='word_1_194' title='bbox 1616 1617 1782 1658; x_wconf 88' lang='lat' dir='ltr'>Octaua</span> <span class='ocrx_word' id='word_1_195' title='bbox 1828 1618 2004 1670; x_wconf 90' lang='lat' dir='ltr'>quidem</span> 
     </span>
     <span class='ocr_line' id='line_1_22' title="bbox 387 1680 2006 1733; baseline 0.002 -14"><span class='ocrx_word' id='word_1_196' title='bbox 387 1680 576 1731; x_wconf 88' lang='lat' dir='ltr'>paschae</span> <span class='ocrx_word' id='word_1_197' title='bbox 606 1680 795 1731; x_wconf 89' lang='lat' dir='ltr'>primum</span> <span class='ocrx_word' id='word_1_198' title='bbox 825 1681 1025 1720; x_wconf 90' lang='lat' dir='ltr'>omnium</span> <span class='ocrx_word' id='word_1_199' title='bbox 1054 1682 1109 1720; x_wconf 87' lang='lat' dir='ltr'>ad</span> <span class='ocrx_word' id='word_1_200' title='bbox 1139 1684 1339 1721; x_wconf 87' lang='lat' dir='ltr'>nostrum</span> <span class='ocrx_word' id='word_1_201' title='bbox 1369 1682 1550 1722; x_wconf 86' lang='lat' dir='ltr'>diuertit</span> <span class='ocrx_word' id='word_1_202' title='bbox 1578 1683 1807 1733; x_wconf 89' lang='lat' dir='ltr'>templum,</span> <span class='ocrx_word' id='word_1_203' title='bbox 1838 1683 1914 1722; x_wconf 88' lang='lat' dir='ltr'>uhi</span> <span class='ocrx_word' id='word_1_204' title='bbox 1940 1695 2006 1723; x_wconf 91' lang='lat' dir='ltr'>so-</span> 
     </span>
     <span class='ocr_line' id='line_1_23' title="bbox 386 1745 2007 1799; baseline 0.002 -15"><span class='ocrx_word' id='word_1_205' title='bbox 386 1745 577 1785; x_wconf 87' lang='lat' dir='ltr'>lenniter</span> <span class='ocrx_word' id='word_1_206' title='bbox 605 1746 660 1784; x_wconf 90' lang='lat' dir='ltr'>ab</span> <span class='ocrx_word' id='word_1_207' title='bbox 690 1746 832 1796; x_wconf 90' lang='lat' dir='ltr'>ipsius</span> <span class='ocrx_word' id='word_1_208' title='bbox 862 1746 1044 1785; x_wconf 89' lang='lat' dir='ltr'>musicis</span> <span class='ocrx_word' id='word_1_209' title='bbox 1073 1746 1304 1786; x_wconf 89' lang='lat' dir='ltr'>decantato</span> <span class='ocrx_word' id='word_1_210' title='bbox 1333 1759 1472 1792; x_wconf 88' lang='lat' dir='ltr'>sacro,</span> <span class='ocrx_word' id='word_1_211' title='bbox 1505 1759 1675 1787; x_wconf 88' lang='lat' dir='ltr'>sacram</span> <span class='ocrx_word' id='word_1_212' title='bbox 1704 1748 1836 1787; x_wconf 91' lang='lat' dir='ltr'>etiam</span> <span class='ocrx_word' id='word_1_213' title='bbox 1863 1760 2007 1799; x_wconf 92' lang='lat' dir='ltr'>pome-</span> 
     </span>
     <span class='ocr_line' id='line_1_24' title="bbox 388 1810 2003 1861; baseline 0.002 -12"><span class='ocrx_word' id='word_1_214' title='bbox 388 1810 561 1850; x_wconf 90' lang='lat' dir='ltr'>ridiano</span> <span class='ocrx_word' id='word_1_215' title='bbox 608 1813 803 1861; x_wconf 89' lang='lat' dir='ltr'>tempore</span> <span class='ocrx_word' id='word_1_216' title='bbox 854 1811 1028 1850; x_wconf 89' lang='lat' dir='ltr'>audiuit</span> <span class='ocrx_word' id='word_1_217' title='bbox 1079 1811 1343 1852; x_wconf 88' lang='lat' dir='ltr'>contionem.</span> <span class='ocrx_word' id='word_1_218' title='bbox 1397 1812 1615 1852; x_wconf 88' lang='lat' dir='ltr'>Absoluto</span> <span class='ocrx_word' id='word_1_219' title='bbox 1666 1815 1813 1852; x_wconf 91' lang='lat' dir='ltr'>autem</span> <span class='ocrx_word' id='word_1_220' title='bbox 1864 1824 2003 1860; x_wconf 86' lang='lat' dir='ltr'>sacro,</span> 
     </span>
     <span class='ocr_line' id='line_1_25' title="bbox 387 1875 2006 1927; baseline 0.002 -13"><span class='ocrx_word' id='word_1_221' title='bbox 387 1875 644 1926; x_wconf 87' lang='lat' dir='ltr'>priusquam</span> <span class='ocrx_word' id='word_1_222' title='bbox 676 1875 731 1914; x_wconf 93' lang='lat' dir='ltr'>ad</span> <span class='ocrx_word' id='word_1_223' title='bbox 761 1875 996 1925; x_wconf 89' lang='lat' dir='ltr'>prandium</span> <span class='ocrx_word' id='word_1_224' title='bbox 1044 1878 1256 1927; x_wconf 81' lang='lat' dir='ltr'>pergeret,</span> <span class='ocrx_word' id='word_1_225' title='bbox 1305 1888 1459 1916; x_wconf 89' lang='lat' dir='ltr'>omnes</span> <span class='ocrx_word' id='word_1_226' title='bbox 1506 1889 1588 1916; x_wconf 90' lang='lat' dir='ltr'>nos</span> <span class='ocrx_word' id='word_1_227' title='bbox 1616 1877 1662 1916; x_wconf 89' lang='lat' dir='ltr'>in</span> <span class='ocrx_word' id='word_1_228' title='bbox 1695 1889 1831 1917; x_wconf 89' lang='lat' dir='ltr'>unum</span> <span class='ocrx_word' id='word_1_229' title='bbox 1860 1878 2006 1917; x_wconf 90' lang='lat' dir='ltr'>locum</span> 
     </span>
     <span class='ocr_line' id='line_1_26' title="bbox 386 1940 2007 1993; baseline 0.002 -15"><span class='ocrx_word' id='word_1_230' title='bbox 386 1940 640 1991; x_wconf 83' lang='lat' dir='ltr'>congregati</span> <span class='ocrx_word' id='word_1_231' title='bbox 687 1940 842 1979; x_wconf 89' lang='lat' dir='ltr'>ordine</span> <span class='ocrx_word' id='word_1_232' title='bbox 888 1953 987 1980; x_wconf 91' lang='lat' dir='ltr'>eum</span> <span class='ocrx_word' id='word_1_233' title='bbox 1018 1941 1330 1989; x_wconf 85' lang='lat' dir='ltr'>salutauimus,</span> <span class='ocrx_word' id='word_1_234' title='bbox 1379 1954 1492 1993; x_wconf 90' lang='lat' dir='ltr'>quos</span> <span class='ocrx_word' id='word_1_235' title='bbox 1520 1941 1539 1967; x_wconf 72' lang='lat'>¹&gt;</span> <span class='ocrx_word' id='word_1_236' title='bbox 1570 1942 1663 1993; x_wconf 88' lang='lat' dir='ltr'>ipse</span> <span class='ocrx_word' id='word_1_237' title='bbox 1692 1954 1823 1993; x_wconf 89' lang='lat' dir='ltr'>quam</span> <span class='ocrx_word' id='word_1_238' title='bbox 1854 1954 2007 1982; x_wconf 89' lang='lat' dir='ltr'>aman-</span> 
     </span>
     <span class='ocr_line' id='line_1_27' title="bbox 387 2005 2002 2058; baseline 0.002 -15"><span class='ocrx_word' id='word_1_239' title='bbox 387 2005 556 2044; x_wconf 88' lang='lat' dir='ltr'>tissime</span> <span class='ocrx_word' id='word_1_240' title='bbox 590 2005 866 2051; x_wconf 89' lang='lat' dir='ltr'>resalutauit,</span> <span class='ocrx_word' id='word_1_241' title='bbox 916 2005 1195 2056; x_wconf 84' lang='lat' dir='ltr'>singulisque</span> <span class='ocrx_word' id='word_1_242' title='bbox 1243 2018 1422 2046; x_wconf 89' lang='lat' dir='ltr'>manum</span> <span class='ocrx_word' id='word_1_243' title='bbox 1471 2007 1742 2058; x_wconf 88' lang='lat' dir='ltr'>perhumane</span> <span class='ocrx_word' id='word_1_244' title='bbox 1789 2007 2002 2058; x_wconf 84' lang='lat' dir='ltr'>porrexit:</span> 
     </span>
     <span class='ocr_line' id='line_1_28' title="bbox 387 2070 2006 2121; baseline 0.002 -13"><span class='ocrx_word' id='word_1_245' title='bbox 387 2070 538 2109; x_wconf 88' lang='lat' dir='ltr'>aderat</span> <span class='ocrx_word' id='word_1_246' title='bbox 566 2082 684 2109; x_wconf 88' lang='lat' dir='ltr'>unus</span> <span class='ocrx_word' id='word_1_247' title='bbox 713 2082 765 2109; x_wconf 91' lang='lat' dir='ltr'>ex</span> <span class='ocrx_word' id='word_1_248' title='bbox 794 2070 1041 2121; x_wconf 86' lang='lat' dir='ltr'>discipulis,</span> <span class='ocrx_word' id='word_1_249' title='bbox 1073 2071 1149 2121; x_wconf 91' lang='lat' dir='ltr'>qui</span> <span class='ocrx_word' id='word_1_250' title='bbox 1180 2071 1470 2121; x_wconf 87' lang='lat' dir='ltr'>gratulatorio</span> <span class='ocrx_word' id='word_1_251' title='bbox 1499 2072 1692 2111; x_wconf 88' lang='lat' dir='ltr'>carmine</span> <span class='ocrx_word' id='word_1_252' title='bbox 1721 2072 1860 2111; x_wconf 86' lang='lat' dir='ltr'>latino</span> <span class='ocrx_word' id='word_1_253' title='bbox 1906 2084 2006 2112; x_wconf 90' lang='lat' dir='ltr'>eum</span> 
     </span>
     <span class='ocr_line' id='line_1_29' title="bbox 387 2134 2006 2187; baseline 0.002 -14"><span class='ocrx_word' id='word_1_254' title='bbox 387 2134 617 2185; x_wconf 84' lang='lat' dir='ltr'>exciperet,</span> <span class='ocrx_word' id='word_1_255' title='bbox 666 2146 797 2185; x_wconf 78' lang='lat' dir='ltr'>quein</span> <span class='ocrx_word' id='word_1_256' title='bbox 844 2135 1032 2174; x_wconf 87' lang='lat' dir='ltr'>libenter</span> <span class='ocrx_word' id='word_1_257' title='bbox 1078 2135 1333 2174; x_wconf 87' lang='lat' dir='ltr'>recitantem</span> <span class='ocrx_word' id='word_1_258' title='bbox 1380 2136 1568 2176; x_wconf 91' lang='lat' dir='ltr'>audiuit.</span> <span class='ocrx_word' id='word_1_259' title='bbox 1618 2136 1802 2187; x_wconf 83' lang='lat' dir='ltr'>Sumpto</span> <span class='ocrx_word' id='word_1_260' title='bbox 1848 2136 2006 2176; x_wconf 92' lang='lat' dir='ltr'>deinde</span> 
     </span>
     <span class='ocr_line' id='line_1_30' title="bbox 387 2198 2004 2249; baseline 0.002 -12"><span class='ocrx_word' id='word_1_261' title='bbox 387 2199 587 2249; x_wconf 90' lang='lat' dir='ltr'>prandio,</span> <span class='ocrx_word' id='word_1_262' title='bbox 637 2198 935 2249; x_wconf 88' lang='lat' dir='ltr'>concioneque</span> <span class='ocrx_word' id='word_1_263' title='bbox 982 2199 1149 2245; x_wconf 88' lang='lat' dir='ltr'>audita,</span> <span class='ocrx_word' id='word_1_264' title='bbox 1200 2212 1288 2239; x_wconf 89' lang='lat' dir='ltr'>una</span> <span class='ocrx_word' id='word_1_265' title='bbox 1334 2212 1434 2240; x_wconf 89' lang='lat' dir='ltr'>cum</span> <span class='ocrx_word' id='word_1_266' title='bbox 1480 2201 1742 2240; x_wconf 89' lang='lat' dir='ltr'>charissima</span> <span class='ocrx_word' id='word_1_267' title='bbox 1788 2203 1830 2240; x_wconf 91' lang='lat' dir='ltr'>et</span> <span class='ocrx_word' id='word_1_268' title='bbox 1867 2201 2004 2242; x_wconf 88' lang='lat' dir='ltr'>illust.</span> 
     </span>
     <span class='ocr_line' id='line_1_31' title="bbox 387 2264 2006 2315; baseline 0.002 -13"><span class='ocrx_word' id='word_1_269' title='bbox 387 2265 539 2311; x_wconf 89' lang='lat' dir='ltr'>matre,</span> <span class='ocrx_word' id='word_1_270' title='bbox 571 2265 701 2314; x_wconf 86' lang='lat' dir='ltr'>atque</span> <span class='ocrx_word' id='word_1_271' title='bbox 731 2264 869 2303; x_wconf 90' lang='lat' dir='ltr'>illust.</span> <span class='ocrx_word' id='word_1_272' title='bbox 893 2264 1080 2315; x_wconf 90' lang='lat' dir='ltr'>coniuge</span> <span class='ocrx_word' id='word_1_273' title='bbox 1110 2277 1191 2304; x_wconf 87' lang='lat' dir='ltr'>sua</span> <span class='ocrx_word' id='word_1_274' title='bbox 1221 2267 1249 2312; x_wconf 86' lang='lat'>1,</span> <span class='ocrx_word' id='word_1_275' title='bbox 1283 2265 1562 2315; x_wconf 87' lang='lat' dir='ltr'>imperatoris</span> <span class='ocrx_word' id='word_1_276' title='bbox 1584 2265 1722 2305; x_wconf 90' lang='lat' dir='ltr'>nostri</span> <span class='ocrx_word' id='word_1_277' title='bbox 1743 2265 1849 2313; x_wconf 89' lang='lat' dir='ltr'>filia,</span> <span class='ocrx_word' id='word_1_278' title='bbox 1872 2265 2006 2305; x_wconf 92' lang='lat' dir='ltr'>simul</span> 
     </span>
     <span class='ocr_line' id='line_1_32' title="bbox 386 2328 2006 2380; baseline 0.002 -14"><span class='ocrx_word' id='word_1_279' title='bbox 386 2340 487 2367; x_wconf 92' lang='lat' dir='ltr'>cum</span> <span class='ocrx_word' id='word_1_280' title='bbox 516 2328 690 2367; x_wconf 90' lang='lat' dir='ltr'>duobus</span> <span class='ocrx_word' id='word_1_281' title='bbox 720 2328 997 2379; x_wconf 90' lang='lat' dir='ltr'>principibus</span> <span class='ocrx_word' id='word_1_282' title='bbox 1026 2329 1131 2379; x_wconf 86' lang='lat' dir='ltr'>filijs</span> <span class='ocrx_word' id='word_1_283' title='bbox 1161 2329 1428 2375; x_wconf 81' lang='lat' dir='ltr'>iunioribus,</span> <span class='ocrx_word' id='word_1_284' title='bbox 1459 2341 1612 2369; x_wconf 91' lang='lat' dir='ltr'>omnes</span> <span class='ocrx_word' id='word_1_285' title='bbox 1641 2341 1750 2380; x_wconf 90' lang='lat' dir='ltr'>pene</span> <span class='ocrx_word' id='word_1_286' title='bbox 1771 2330 1906 2369; x_wconf 92' lang='lat' dir='ltr'>huius</span> <span class='ocrx_word' id='word_1_287' title='bbox 1921 2330 2006 2369; x_wconf 93' lang='lat' dir='ltr'>col-</span> 
     </span>
     <span class='ocr_line' id='line_1_33' title="bbox 387 2393 2006 2444; baseline 0.002 -13"><span class='ocrx_word' id='word_1_288' title='bbox 387 2393 491 2444; x_wconf 86' lang='lat' dir='ltr'>legii</span> <span class='ocrx_word' id='word_1_289' title='bbox 529 2393 718 2443; x_wconf 86' lang='lat' dir='ltr'>angulos</span> <span class='ocrx_word' id='word_1_290' title='bbox 765 2393 1029 2444; x_wconf 86' lang='lat' dir='ltr'>scholasque</span> <span class='ocrx_word' id='word_1_291' title='bbox 1075 2405 1228 2433; x_wconf 90' lang='lat' dir='ltr'>omnes</span> <span class='ocrx_word' id='word_1_292' title='bbox 1276 2394 1468 2434; x_wconf 86' lang='lat' dir='ltr'>maxima</span> <span class='ocrx_word' id='word_1_293' title='bbox 1515 2407 1614 2434; x_wconf 85' lang='lat' dir='ltr'>cum</span> <span class='ocrx_word' id='word_1_294' title='bbox 1662 2394 1936 2434; x_wconf 88' lang='lat' dir='ltr'>humanitate</span> <span class='ocrx_word' id='word_1_295' title='bbox 1964 2396 2006 2434; x_wconf 88' lang='lat' dir='ltr'>et</span> 
     </span>
     <span class='ocr_line' id='line_1_34' title="bbox 386 2457 2005 2509; baseline 0.001 -13"><span class='ocrx_word' id='word_1_296' title='bbox 386 2457 520 2496; x_wconf 90' lang='lat' dir='ltr'>animi</span> <span class='ocrx_word' id='word_1_297' title='bbox 554 2457 722 2497; x_wconf 87' lang='lat' dir='ltr'>laetitia</span> <span class='ocrx_word' id='word_1_298' title='bbox 751 2458 1016 2507; x_wconf 87' lang='lat' dir='ltr'>perlustrare</span> <span class='ocrx_word' id='word_1_299' title='bbox 1046 2458 1256 2509; x_wconf 89' lang='lat' dir='ltr'>dignatus</span> <span class='ocrx_word' id='word_1_300' title='bbox 1298 2461 1385 2498; x_wconf 90' lang='lat' dir='ltr'>est:</span> <span class='ocrx_word' id='word_1_301' title='bbox 1436 2459 1553 2499; x_wconf 90' lang='lat' dir='ltr'>alius</span> <span class='ocrx_word' id='word_1_302' title='bbox 1600 2459 1776 2499; x_wconf 89' lang='lat' dir='ltr'>interim</span> <span class='ocrx_word' id='word_1_303' title='bbox 1823 2458 2005 2498; x_wconf 89' lang='lat' dir='ltr'>accessit</span> 
     </span>
     <span class='ocr_line' id='line_1_35' title="bbox 386 2522 2003 2574; baseline 0.001 -14"><span class='ocrx_word' id='word_1_304' title='bbox 386 2522 658 2569; x_wconf 87' lang='lat' dir='ltr'>adolescens,</span> <span class='ocrx_word' id='word_1_305' title='bbox 689 2522 765 2572; x_wconf 89' lang='lat' dir='ltr'>qui</span> <span class='ocrx_word' id='word_1_306' title='bbox 787 2533 942 2572; x_wconf 89' lang='lat' dir='ltr'>graeco</span> <span class='ocrx_word' id='word_1_307' title='bbox 963 2522 1156 2561; x_wconf 89' lang='lat' dir='ltr'>carmine</span> <span class='ocrx_word' id='word_1_308' title='bbox 1179 2523 1288 2562; x_wconf 91' lang='lat' dir='ltr'>tanti</span> <span class='ocrx_word' id='word_1_309' title='bbox 1310 2523 1523 2574; x_wconf 89' lang='lat' dir='ltr'>principis</span> <span class='ocrx_word' id='word_1_310' title='bbox 1543 2524 1780 2563; x_wconf 81' lang='lat' dir='ltr'>celebraret</span> <span class='ocrx_word' id='word_1_311' title='bbox 1800 2523 2003 2570; x_wconf 86' lang='lat' dir='ltr'>uirtutes,</span> 
     </span>
     <span class='ocr_line' id='line_1_36' title="bbox 386 2586 2002 2639; baseline 0.001 -14"><span class='ocrx_word' id='word_1_312' title='bbox 386 2588 428 2625; x_wconf 92' lang='lat' dir='ltr'>et</span> <span class='ocrx_word' id='word_1_313' title='bbox 456 2587 800 2637; x_wconf 87' lang='lat' dir='ltr'>qualescumque</span> <span class='ocrx_word' id='word_1_314' title='bbox 822 2598 899 2637; x_wconf 89' lang='lat' dir='ltr'>pro</span> <span class='ocrx_word' id='word_1_315' title='bbox 920 2586 1055 2626; x_wconf 81' lang='lat' dir='ltr'>tantis</span> <span class='ocrx_word' id='word_1_316' title='bbox 1075 2586 1171 2626; x_wconf 92' lang='lat' dir='ltr'>eius</span> <span class='ocrx_word' id='word_1_317' title='bbox 1191 2587 1237 2626; x_wconf 90' lang='lat' dir='ltr'>in</span> <span class='ocrx_word' id='word_1_318' title='bbox 1258 2599 1355 2636; x_wconf 90' lang='lat' dir='ltr'>nos,</span> <span class='ocrx_word' id='word_1_319' title='bbox 1377 2588 1573 2639; x_wconf 89' lang='lat' dir='ltr'>adeoque</span> <span class='ocrx_word' id='word_1_320' title='bbox 1594 2588 1831 2627; x_wconf 84' lang='lat' dir='ltr'>Ecclesiam</span> <span class='ocrx_word' id='word_1_321' title='bbox 1851 2589 2002 2635; x_wconf 84' lang='lat' dir='ltr'>totam,</span> 
     </span>
     <span class='ocr_line' id='line_1_37' title="bbox 386 2651 2003 2703; baseline 0.002 -14"><span class='ocrx_word' id='word_1_322' title='bbox 386 2651 555 2690; x_wconf 86' lang='lat' dir='ltr'>meritis</span> <span class='ocrx_word' id='word_1_323' title='bbox 584 2651 854 2701; x_wconf 88' lang='lat' dir='ltr'>persolueret</span> <span class='ocrx_word' id='word_1_324' title='bbox 882 2651 1061 2701; x_wconf 81' lang='lat' dir='ltr'>gratias.</span> <span class='ocrx_word' id='word_1_325' title='bbox 1095 2651 1215 2701; x_wconf 82' lang='lat' dir='ltr'>Quae</span> <span class='ocrx_word' id='word_1_326' title='bbox 1243 2652 1392 2692; x_wconf 91' lang='lat' dir='ltr'>omnia</span> <span class='ocrx_word' id='word_1_327' title='bbox 1421 2664 1521 2692; x_wconf 89' lang='lat' dir='ltr'>cum</span> <span class='ocrx_word' id='word_1_328' title='bbox 1542 2654 1705 2692; x_wconf 86' lang='lat' dir='ltr'>attente</span> <span class='ocrx_word' id='word_1_329' title='bbox 1727 2652 2003 2703; x_wconf 82' lang='lat' dir='ltr'>percepisset,</span> 
     </span>
     <span class='ocr_line' id='line_1_38' title="bbox 387 2715 2004 2768; baseline 0.001 -14"><span class='ocrx_word' id='word_1_330' title='bbox 387 2716 564 2755; x_wconf 87' lang='lat' dir='ltr'>tandem</span> <span class='ocrx_word' id='word_1_331' title='bbox 594 2716 655 2754; x_wconf 91' lang='lat' dir='ltr'>ita</span> <span class='ocrx_word' id='word_1_332' title='bbox 684 2727 781 2762; x_wconf 89' lang='lat' dir='ltr'>nos,</span> <span class='ocrx_word' id='word_1_333' title='bbox 813 2715 890 2766; x_wconf 88' lang='lat' dir='ltr'>qui</span> <span class='ocrx_word' id='word_1_334' title='bbox 919 2719 1173 2766; x_wconf 87' lang='lat' dir='ltr'>praesentes</span> <span class='ocrx_word' id='word_1_335' title='bbox 1201 2717 1450 2764; x_wconf 91' lang='lat' dir='ltr'>aderamus,</span> <span class='ocrx_word' id='word_1_336' title='bbox 1481 2718 1739 2768; x_wconf 89' lang='lat' dir='ltr'>alloquutus</span> <span class='ocrx_word' id='word_1_337' title='bbox 1767 2718 1855 2756; x_wconf 90' lang='lat' dir='ltr'>est:</span> <span class='ocrx_word' id='word_1_338' title='bbox 1891 2716 2004 2767; x_wconf 85' lang='lat' dir='ltr'>grati</span> 
     </span>
    </p>
   </div>
   <div class='ocr_carea' id='block_1_3' title="bbox 448 2879 1736 2922">
    <p class='ocr_par' dir='ltr' id='par_1_3' title="bbox 448 2879 1736 2922">
     <span class='ocr_line' id='line_1_39' title="bbox 448 2879 1736 2922; baseline 0 -10"><span class='ocrx_word' id='word_1_339' title='bbox 448 2889 466 2908; x_wconf 87' lang='lat' dir='ltr'>a</span> <span class='ocrx_word' id='word_1_340' title='bbox 498 2880 735 2922; x_wconf 76' lang='lat' dir='ltr'>Consumpta</span> <span class='ocrx_word' id='word_1_341' title='bbox 773 2879 925 2912; x_wconf 74' lang='lat' dir='ltr'>charta.</span> <span class='ocrx_word' id='word_1_342' title='bbox 951 2898 990 2902; x_wconf 90' lang='lat'><strong>—</strong></span> <span class='ocrx_word' id='word_1_343' title='bbox 1013 2879 1031 2905; x_wconf 92' lang='lat' dir='ltr'>b</span> <span class='ocrx_word' id='word_1_344' title='bbox 1058 2889 1152 2921; x_wconf 89' lang='lat' dir='ltr'>quos</span> <span class='ocrx_word' id='word_1_345' title='bbox 1189 2889 1316 2922; x_wconf 77' lang='lat' dir='ltr'>supra</span> <span class='ocrx_word' id='word_1_346' title='bbox 1352 2889 1467 2917; x_wconf 67' lang='lat' dir='ltr'>vers„</span> <span class='ocrx_word' id='word_1_347' title='bbox 1494 2881 1613 2913; x_wconf 73' lang='lat' dir='ltr'>deleto</span> <span class='ocrx_word' id='word_1_348' title='bbox 1642 2881 1736 2922; x_wconf 88' lang='lat' dir='ltr'>post.</span> 
     </span>
    </p>
   </div>
   <div class='ocr_carea' id='block_1_4' title="bbox 449 3040 1101 3081">
    <p class='ocr_par' dir='ltr' id='par_1_4' title="bbox 449 3040 1101 3081">
     <span class='ocr_line' id='line_1_40' title="bbox 449 3040 1101 3081; baseline 0.003 -9"><span class='ocrx_word' id='word_1_349' title='bbox 449 3042 456 3059; x_wconf 87' lang='lat'>¹</span> <span class='ocrx_word' id='word_1_350' title='bbox 482 3040 590 3072; x_wconf 83' lang='lat' dir='ltr'>Anna</span> <span class='ocrx_word' id='word_1_351' title='bbox 613 3040 836 3072; x_wconf 86' lang='lat' dir='ltr'>Ferdinandi</span> <span class='ocrx_word' id='word_1_352' title='bbox 860 3040 988 3081; x_wconf 89' lang='lat' dir='ltr'>imper.</span> <span class='ocrx_word' id='word_1_353' title='bbox 1013 3040 1101 3074; x_wconf 88' lang='lat' dir='ltr'>filia.</span> 
     </span>
    </p>
   </div>
  </div>
 </body>
</html>
