2099 3516
387 317 455 352 764
848 314 1053 350 er'rERAE
1081 313 1427 358 QUADmMsss'rREs

340 434 386 473 in
416 433 545 472 bonis
574 432 727 479 literis,
760 443 849 471 una
877 443 975 470 cum
1009 430 1239 481 probitate,
1264 430 1556 482 coniungunt.
1589 433 1720 483 atque
1749 432 1803 471 ad
1833 432 1959 472 insti-

339 500 482 538 tutum
505 499 702 536 nostrum
724 495 1055 546 suscipiendum
1077 495 1266 534 maxime
1286 495 1586 536 intlamantur.
1606 496 1638 535 E
1654 496 1834 547 uicinijS
1853 508 1960 547 quo-

340 574 423 613 que
453 561 657 601 studendi
688 560 827 611 gratia
857 560 1055 599 certatim
1085 559 1296 599 cofluunt.
1332 560 1381 598 In
1420 560 1529 600 festo
1559 560 1653 600 diui
1684 561 1840 609 Lucae,
1871 573 1958 612 quo

340 627 483 666 solent
504 627 643 665 bonae
664 624 803 675 frugis
833 624 1081 663 studiorum
1103 624 1361 674 specimina,
1393 626 1524 675 atque
1545 627 1806 675 argumenta
1837 637 1958 676 prae-

342 691 447 737 beri,
479 690 655 729 habitae
685 691 789 728 sunt
826 688 1183 737 declamationes,
1215 690 1347 739 atque
1377 688 1423 727 in
1453 689 1523 728 his
1565 689 1680 728 edita
1711 691 1817 729 sunt
1859 690 1960 729 buc-

339 755 489 795 colicis
509 754 780 794 carminibus
810 753 1082 803 spectacula;
1106 764 1219 803 quae
1239 753 1389 792 omnia
1409 765 1582 792 summo
1607 753 1864 801 astantium,
1882 754 1957 805 qui

343 819 519 870 plurimi
550 819 741 863 fuerunt,
774 829 995 856 consensu
1025 818 1282 867 approbata,
1315 819 1446 868 atque
1479 820 1658 868 excepta
1688 820 1806 857 sunt.

422 884 758 935 [Adiumentmn
787 886 834 922 in
858 885 1029 933 negotio
1054 884 1289 933 temporali
1310 883 1489 922 cuidam
1517 885 1744 933 ueyatum,
1767 885 1842 923 sed
1860 897 1958 934 pre-

340 950 459 989 cibus
481 949 714 995 obtentum,
737 948 809 986 illi
830 948 938 986 bono
964 948 1161 997 exemplo
1184 949 1262 986 est.
1294 948 1371 986 Vir
1393 948 1576 997 quidam
1596 949 1744 997 famae
1763 950 1961 998 proaeivmi

341 1027 367 1052 a
386 1027 430 1053 se
452 1014 736 1062 labefactatae
757 1013 962 1051 consulit.
987 1012 1158 1051 Nobilis
1181 1014 1250 1050 vir
1271 1012 1327 1050 ad
1356 1014 1584 1050 saniorem
1614 1013 1790 1063 fruyem
1812 1012 1958 1064 redit]

419 1077 645 1115 Postremo
675 1075 888 1126 proximis
917 1075 1074 1114 diebus
1104 1075 1154 1114 R.
1188 1075 1235 1114 P.
1268 1075 1439 1114 Natalis
1469 1075 1524 1114 ad
1553 1087 1636 1114 nos
1667 1076 1881 1126 peruenit,
1914 1078 1962 1116 ut

342 1143 491 1181 nostro
520 1152 696 1191 quoque
729 1140 931 1191 collegio,
962 1140 1334 1190 quemadmodum
1380 1141 1422 1179 et
1451 1140 1652 1191 relliquis
1682 1143 1858 1180 nostrae
1887 1140 1962 1181 So-

340 1206 525 1253 cietatis,
550 1205 822 1244 uisitationis
843 1205 1102 1244 beneficium
1128 1204 1411 1255 impenderet.
1436 1205 1528 1244 Diei
1553 1217 1641 1244 non
1667 1207 1805 1255 potest
1825 1217 1961 1256 quan-

341 1272 432 1310 tum
463 1270 558 1309 eius
590 1269 835 1319 praesentia
870 1269 1084 1315 solamen,
1116 1270 1416 1319 quantamque
1455 1269 1500 1307 in
1530 1269 1719 1308 Domino
1749 1269 1961 1308 laetitiam

341 1334 470 1373 nobis
498 1334 706 1373 omnibus
736 1333 947 1382 attulerit,
980 1345 1059 1372 nec
1083 1333 1249 1372 minore
1280 1333 1409 1372 Pater
1438 1333 1532 1384 ipse
1562 1333 1615 1372 de
1645 1345 1881 1384 progressu
1901 1334 1960 1372 af-

342 1400 480 1438 fectus
509 1399 686 1450 gaudio,
719 1401 850 1449 atque
879 1398 1151 1446 aedificatus,
1184 1398 1401 1437 discessit.
1436 1398 1621 1449 Insuper
1641 1399 1694 1437 de
1714 1398 1961 1438 studiorum

342 1463 624 1503 incrementis
645 1465 687 1502 et
707 1462 1040 1502 scolasticorum
1062 1475 1260 1510 numero,
1284 1474 1334 1502 ac
1357 1463 1534 1510 uirtute,
1556 1463 1725 1513 optima
1742 1465 1963 1513 praeterea

341 1540 417 1579 spe
447 1528 583 1568 futuri
614 1539 875 1579 progressus
906 1539 993 1566 non
1040 1528 1317 1567 mediocriter
1345 1530 1411 1567 est
1439 1528 1714 1567 exhilaratus
1744 1529 1771 1567 ¹.
1804 1527 1963 1567 Omnia

342 1593 421 1632 Dei
443 1593 606 1643 Optimi
638 1592 816 1632 Maximi
839 1592 1188 1640 beneuolentiae,
1212 1592 1340 1631 cuius
1370 1593 1477 1631 haec
1497 1592 1614 1631 dona
1643 1594 1763 1640 sunt,
1787 1593 1963 1643 accepta

343 1658 585 1697 referimus
612 1658 744 1709 [Socii
774 1659 875 1697 bene
897 1659 1060 1697 valent.
1092 1657 1187 1708 eta]
1211 1657 1439 1696 Belmonte
1460 1669 1578 1696 anno
1599 1657 1759 1696 salutis
1787 1659 1963 1696 nostrae

345 1723 458 1762 15602.
491 1723 541 1762 V.
575 1723 621 1762 P.
655 1723 773 1762 filius
804 1721 1016 1773 indignus
1046 1721 1092 1761 in
1123 1722 1252 1762 Chro.

1607 1786 1796 1836 QUADRA
1825 1788 1854 1827 ².

1097 2037 1210 2084 626

697 2175 1189 2226 FRANCISCUS
1243 2175 1611 2225 XIMENEZ

845 2324 999 2350 MURCIA
1025 2313 1047 2349 3
1074 2323 1294 2349 FEBRUARH
1325 2313 1414 2348 1562
1439 2313 1463 2348 3.

344 2436 381 2471 1.
412 2432 642 2471 Sociorum
671 2446 902 2472 uumerus.
931 2434 1025 2480 Qua
1046 2433 1220 2471 ratione
1249 2433 1463 2482 religiosa
1484 2433 1724 2482 disciplina
1743 2432 1961 2481 foveatur.

451 2519 500 2523 —
522 2501 563 2535 2.
586 2497 858 2547 Spiritualia
880 2498 1057 2536 ctuoeilia
1078 2499 1221 2536 variis
1240 2498 1472 2535 homiuum
1494 2496 1711 2536 classibus
1727 2497 1962 2546 praestita.

450 2584 500 2588 —
530 2566 570 2600 3.
601 2562 653 2600 Ρ.
690 2562 908 2601 Govierno
938 2574 1100 2612 magno
1136 2575 1235 2600 cum
1269 2563 1432 2611 fructu,
1464 2563 1503 2600 et
1537 2563 1652 2600 miro
1684 2552 1965 2600 audientium

450 2639 669 2665 concursu
715 2628 1015 2666 contionatur.
1051 2649 1099 2654 —
1144 2630 1188 2664 4.
1240 2627 1417 2665 Abusus
1447 2628 1604 2676 ingens
1651 2626 1871 2665 sublatus.
1910 2625 1963 2665 P.

449 2692 648 2730 Hectoris
669 2693 908 2730 contiones.
943 2713 992 2717 —
1021 2695 1064 2730 5.
1097 2692 1329 2730 Eoeciirsus
1354 2703 1436 2741 per
1465 2691 1676 2730 dioecesis
1707 2690 1882 2741 oppida.
1915 2712 1965 2716 —-

409 2873 419 2890 ¹
442 2871 493 2904 Cf.
519 2871 641 2913 Epist.
667 2872 709 2905 P.
736 2872 881 2908 Nadal,
908 2872 934 2908 I,
958 2872 1030 2903 646.

408 2926 421 2943 ⁹
442 2924 535 2957 Vide
558 2934 592 2966 p.
618 2925 689 2958 320.

408 2978 421 2996 ³
444 2977 494 3009 Ex
518 2979 676 3018 autogr..
702 2979 744 3010 ut
766 2978 925 3017 videtur,
951 2978 989 3009 in
1013 2977 1090 3009 cod.
1112 2976 1225 3018 Hisp.
1244 2977 1304 3014 99,
1329 2978 1349 3009 Ξ
1370 2977 1419 3017 ff.,
1445 2987 1507 3010 nn.
1532 2978 1583 3017 91,
1608 2978 1664 3013 92:
1682 2978 1786 3018 prius
1804 2978 1873 3017 147,
1893 2977 1962 3010 148.

346 3030 572 3062 Praecedunt
598 3031 636 3062 in
659 3030 693 3063 ff.
718 3032 769 3069 87,
788 3032 829 3063 90
851 3032 887 3063 et
909 3031 1005 3063 88-89
1020 3030 1093 3062 duo
1110 3030 1277 3071 exempla
1292 3031 1411 3062 latina
1427 3040 1448 3062 a
1465 3031 1501 3063 P.
1522 3030 1801 3063 Bartholomaeo
1824 3030 1964 3072 Coquio

345 3083 565 3124 subscripta.
591 3083 797 3115 Cohaerent
820 3092 903 3116 cum
926 3083 1091 3124 exemplo
1115 3082 1286 3124 hispano.
