2099 3516
534 286 614 321 603.
642 306 683 311 —
712 285 932 321 MONACHIO
961 285 978 320 1
1007 285 1199 321 IANUARII
1229 285 1319 321 1562
1627 285 1698 321 665

224 405 400 443 minum
426 404 718 442 inultitudine
738 405 945 443 exhibita.
969 427 1019 431 —
1041 409 1082 444 3.
1112 405 1344 453 Frequens
1374 404 1431 442 ad
1460 404 1745 442 sacramenta

224 481 436 507 accursus
478 481 556 518 per
586 471 860 508 occasionem
902 470 1100 508 iubilaei.
1132 491 1184 495 ——
1213 469 1387 507 Nobilis
1426 470 1603 506 invenis
1633 469 1744 507 alio-

222 546 413 584 rumque
442 547 494 572 ex
520 535 888 583 protestantismo
918 536 1241 574 conversiones.
1263 535 1471 583 Aeyrotis
1491 535 1530 571 et
1551 535 1744 572 morien-

222 599 339 638 tibus
381 599 658 638 subvenitur.
702 622 753 627 ——-
794 604 838 638 4.
881 600 1116 650 Principis
1159 601 1410 648 civiumque
1453 610 1561 648 erga
1604 600 1745 637 socios

222 664 537 703 benevolentia.

196 799 232 838 1.
267 798 374 838 lHS.
405 797 559 838 Gratia
602 800 644 837 et
688 810 773 849 pax
817 799 942 840 IESV
986 799 1104 840 Chri.
1138 799 1197 839 sit
1239 810 1412 849 semper
1446 798 1492 837 in
1534 797 1745 837 cordibus

115 862 295 909 nostris,
327 873 470 902 amen.
497 861 680 913 [Scribet
711 863 927 915 brevitenq.
951 863 1158 903 Viuimus
1188 863 1234 902 in
1264 863 1348 902 hoc
1377 862 1525 902 ducali
1555 861 1744 913 collegio

115 927 336 979 Monachij
370 927 432 973 18,
464 939 517 966 ex
546 927 711 978 quibus
741 929 990 968 sacerdotes
1020 930 1126 968 sunt
1167 929 1374 979 quatuor,
1419 927 1579 978 reliqui
1624 938 1746 978 prae-

114 996 326 1044 ceptores,
358 993 565 1039 studiosi,
597 993 891 1033 coadiutores.
925 994 1110 1033 Fuimus
1147 993 1326 1045 quidem
1370 993 1504 1044 paulo
1548 995 1650 1032 ante
1682 992 1746 1032 ui-

114 1058 242 1109 ginti,
264 1058 340 1097 sed
371 1060 420 1097 ut
449 1057 551 1097 aliis
571 1070 699 1109 opem
722 1058 949 1106 ferremus,
973 1070 1113 1098 unum
1135 1058 1407 1098 sacerdotem
1434 1057 1745 1109 ablegauimus

114 1122 429 1174 Oenipontum,
461 1123 537 1174 qui
568 1123 732 1162 ibidem
763 1123 1090 1174 suppellectilia
1120 1124 1270 1163 futuro
1299 1122 1488 1173 collegio
1520 1134 1745 1174 perneces-

114 1188 231 1228 saria
261 1190 506 1239 praeparet,
530 1187 803 1239 reliquisque
833 1189 895 1228 ita
924 1188 1212 1231 incumberet.
1237 1190 1281 1228 vt
1312 1188 1513 1239 proximo
1535 1199 1638 1227 uere
1659 1188 1743 1227 fra-

113 1255 201 1293 tres
230 1253 425 1301 uenturi,
457 1253 769 1293 commoditate
798 1256 1026 1304 expectata
1068 1266 1158 1293 non
1192 1253 1524 1293 defraudentur.
1559 1252 1745 1292 Faciunt

113 1330 267 1358 omnes
309 1318 508 1369 quotidie
551 1318 597 1358 in
641 1330 724 1358 sua
754 1319 987 1358 uocatione
1019 1331 1204 1370 magnos
1234 1330 1519 1369 progressus;
1551 1320 1745 1369 suntque

114 1383 398 1434 perfectionis
428 1384 724 1435 acquirendae
754 1384 1099 1425 studiosissimi:
1133 1384 1288 1435 poenis
1307 1386 1402 1423 tum
1424 1383 1627 1434 priuatis,
1650 1385 1744 1423 tum

113 1448 306 1499 publicis
328 1448 616 1499 quotidianos
635 1449 857 1500 extirpant
879 1449 1101 1496 defectus3
1126 1449 1350 1488 uilissima
1369 1460 1570 1500 quaeque
1593 1448 1639 1487 in
1660 1448 1746 1488 col-

113 1512 229 1563 legio
260 1513 430 1560 munia,
454 1514 633 1564 propria
653 1514 774 1553 ducti
796 1516 968 1564 sponte,
987 1514 1191 1553 alacriter
1211 1514 1400 1561 obeunt;
1425 1513 1536 1552 alter
1555 1513 1743 1552 alterum

112 1578 344 1618 charitatis
373 1581 415 1618 et
445 1579 767 1618 sanctimoniae
797 1579 869 1630 pia
899 1579 1183 1618 contentione
1204 1581 1479 1618 anteuertere
1509 1578 1739 1625 nituntur;

112 1655 201 1694 quo
231 1655 338 1683 sane
367 1644 429 1691 fit,
463 1646 511 1684 ut
540 1644 944 1695 impresentiarum,
977 1644 1068 1683 Deo
1112 1645 1223 1683 liene
1265 1643 1473 1695 propitio,
1505 1643 1744 1694 collegium

112 1709 196 1748 hoc
225 1709 345 1748 dulci
374 1709 536 1760 quiete,
569 1709 832 1760 internaque
875 1721 980 1760 pace
1015 1709 1201 1749 fruatur.
1235 1709 1304 1748 Ad
1333 1720 1467 1760 quam
1509 1708 1643 1748 etiam
1674 1720 1743 1748 ac-

111 1774 390 1825 quirendam,
423 1775 544 1814 haud
575 1787 730 1826 parum
756 1775 1007 1814 excitantur
1036 1774 1174 1813 animi
1206 1774 1393 1813 fratrum
1424 1773 1643 1825 frequenti
1674 1785 1745 1813 ex-

111 1839 363 1879 hortatione
393 1842 435 1879 et
464 1839 702 1891 colloquiJ's
731 1839 1058 1890 spiritualibus,
1090 1851 1203 1890 quae
1246 1840 1362 1878 inter
1399 1850 1509 1886 sese,
1541 1850 1594 1878 ex
1624 1850 1744 1878 more

111 1904 333 1951 instituto,
357 1905 642 1945 commiscere
662 1905 822 1953 solent,
845 1917 959 1955 quae
989 1904 1106 1945 Reus
1128 1916 1304 1956 quoque
1336 1905 1382 1944 P.
1407 1904 1567 1944 Rector
1596 1906 1625 1951 1,
1649 1903 1744 1944 suis

111 1969 497 2012 exhortationibus
528 1971 677 2010 fouere
706 1982 798 2009 non
827 1972 983 2010 cessat.
1017 1970 1226 2009 Proximo
1269 1969 1436 2009 iubileo
1465 1970 1479 1993 2²
1510 1970 1594 2009 sub
1633 1969 1744 2009 festa

111 2037 316 2077 natalitia
346 2036 401 2075 ad
432 2047 514 2075 nos
545 2035 696 2081 misso,
728 2047 884 2075 omnes
927 2036 1080 2075 Patres
1110 2047 1160 2074 ac
1190 2035 1362 2083 fratres,
1394 2034 1653 2085 praemissis
1691 2046 1745 2074 ex

112 2114 232 2142 more
261 2100 496 2142 Societatis
525 2100 885 2140 confessionibus
914 2100 1212 2151 generalibus,
1236 2112 1426 2150 quarum
1456 2111 1548 2139 non
1578 2111 1744 2150 paucae

111 2167 249 2207 totius
278 2167 411 2206 etiam
443 2166 558 2205 vitae
588 2166 767 2205 fuerunt
797 2166 1041 2217 generales,
1065 2177 1227 2216 magna
1247 2177 1345 2205 cum
1374 2164 1624 2204 animorum
1655 2164 1744 2204 ala-

110 2232 264 2272 critate
294 2234 337 2271 et
366 2231 552 2282 spiritus
581 2231 769 2279 feruore,
793 2243 875 2270 sua
904 2232 1178 2270 renouarunt
1198 2238 1215 2256 8
1246 2233 1365 2278 uota,
1400 2232 1446 2269 ut
1474 2242 1595 2269 nouo
1638 2241 1745 2280 quo-

111 2297 212 2337 dam
242 2299 284 2337 et
313 2296 587 2348 diligentiori
618 2296 767 2336 studio
797 2308 894 2343 suo,
927 2296 1132 2347 quisque,
1165 2297 1254 2334 tam
1289 2295 1409 2334 domi
1453 2306 1587 2345 quam
1618 2294 1740 2342 foris,

111 2362 238 2414 fungi
268 2362 427 2401 deinde
457 2361 585 2401 uisus
627 2361 683 2400 sit
727 2361 883 2401 officio.
915 2360 1134 2400 Exercitia
1163 2360 1429 2400 scholastica
1468 2359 1588 2399 domi
1618 2359 1743 2399 insti-

110 2429 299 2467 tuuntur
328 2426 553 2466 ordinarie
582 2426 628 2465 in
658 2426 1056 2477 disputationibus,
1084 2425 1484 2465 declamationibus
1515 2426 1557 2464 et
1587 2424 1744 2475 repeti-

110 2492 324 2532 tionibus.
359 2492 650 2531 Reuerendus
678 2493 830 2531 noster
859 2492 906 2533 P.
937 2492 1111 2539 Rector,
1135 2490 1441 2542 superioribus
1462 2489 1740 2541 septimanis,

111 2557 358 2609 Augustam
405 2569 430 2596 a
470 2557 518 2596 P.
553 2557 825 2608 Prouincialj
857 2558 871 2580 ³
903 2559 1102 2603 uocatus,
1137 2556 1365 2596 solennem
1409 2555 1535 2594 illhic
1578 2554 1743 2594 aedidit

173 2754 191 2773 ἃ
211 2755 392 2778 renouare
416 2755 487 2779 ms.

173 2919 184 2937 1
207 2917 245 2950 P.
270 2917 523 2950 Theodoricus
548 2916 736 2950 Canisius.

172 2973 185 2991 2
207 2971 415 3004 Iubilaeum
438 2980 503 3012 pro
527 2971 625 3003 felici
652 2971 756 3003 exitu
780 2971 928 3003 concilii
952 2970 1160 3009 tridentini,
1185 2969 1230 3001 de
1245 2978 1319 3010 quo
1336 2969 1465 3000 auctor
1480 2968 1615 3000 iterum
1631 2967 1742 3009 paulo

110 3026 194 3067 post
216 3025 396 3067 loquitur.

173 3080 186 3098 a
208 3078 245 3111 P.
270 3078 402 3110 Petrus
425 3077 612 3111 CanisiuS.
