2099 3516
396 224 459 258 169.
859 225 1063 261 LITTERAE
1097 226 1441 270 QUADRIMESTRES

344 343 520 381 tandem
551 343 659 382 istas
702 344 955 393 prouincias
998 356 1048 383 ex
1092 344 1300 384 erunibus
1344 345 1485 384 malis.
1521 346 1636 385 Haec
1679 350 1784 387 sunt
1823 349 1873 387 R.
1907 350 1953 388 P.

343 418 456 456 quae
486 407 594 445 mihi
624 407 833 446 scribenti
863 420 908 446 se
940 408 1067 446 modo
1110 407 1364 448 offerebant.
1397 409 1447 448 R.
1483 410 1528 449 P.
1563 410 1610 450 V.
1642 411 1849 461 dignetur
1879 425 1957 451 no-

343 471 421 509 stri
451 483 546 510 esse
578 484 741 510 memor
770 472 815 510 in
845 472 939 511 suis
969 472 1134 511 sanctis
1163 473 1392 523 sacrificijs
1426 486 1474 512 ae
1504 475 1796 523 orationibus,
1830 479 1877 516 ut
1906 489 1956 516 eo

343 536 484 586 magis
528 536 603 575 Dei
650 537 858 575 uoluntas
902 537 945 574 111
991 536 1118 575 nobis
1162 537 1402 586 expleatur.
1436 522 1608 577 Vienna
1652 541 1701 578 14
1742 541 1812 579 die
1853 542 1952 581 Feb.

342 612 460 639 anno
489 600 552 639 61.

451 665 498 703 H.
534 666 579 703 P.
613 665 661 704 Υ.
694 664 906 713 indignus
935 665 1069 704 1111115.

1486 743 1691 784 CAROLUS
1722 746 1841 785 GRIM
1873 749 1900 787 1.

1091 1013 1203 1060 492

667 1160 719 1210 Ρ.
773 1161 1155 1210 BALDUINUS
1204 1162 1293 1212 ΑΒ
1343 1163 1625 1214 ANGELO

806 1302 1004 1328 TREvssms
1037 1294 1078 1328 16
1108 1304 1327 1330 FEBRUARII
1357 1294 1443 1329 1561
1472 1296 1485 1317 2

334 1427 371 1461 1.
406 1422 589 1472 Colleyii
622 1423 890 1472 primordia.
931 1424 1258 1474 Archiepiscopi
1290 1429 1330 1463 et
1364 1426 1562 1464 aliorum
1596 1428 1646 1466 de
1691 1430 1823 1467 Sociis
1854 1442 1952 1468 con-

440 1488 560 1537 cepta
598 1489 851 1537 expectatio.
896 1489 1091 1538 Archiep.
1133 1491 1286 1527 omnia
1315 1490 1373 1528 ad
1401 1491 1541 1529 vitam
1579 1495 1832 1532 necessaria
1863 1494 1952 1532 dis-

434 1565 598 1602 ponere
628 1552 756 1591 iubet.
788 1552 1057 1592 Sanctorum
1081 1554 1217 1592 etiam
1237 1554 1455 1603 reliquias
1481 1556 1538 1594 ad
1558 1557 1712 1595 sacelli
1741 1559 1951 1597 ornatum

434 1617 612 1667 prwbet.
645 1618 850 1667 Episcopi
878 1618 1156 1667 suffraganei
1177 1618 1488 1658 benevolentia.
1523 1642 1571 1646 ——
1602 1625 1692 1659 2-4.
1727 1621 1952 1673 Cataloyis

441 1683 677 1721 lectionum
700 1684 835 1732 prius
862 1695 940 1731 per
969 1683 1144 1721 diversa
1178 1684 1271 1722 loca
1300 1684 1566 1733 distributis,
1598 1687 1830 1726 sollemnis
1859 1689 1951 1727 stu-

439 1748 618 1786 diorum
648 1748 942 1796 inauguratio
971 1747 1168 1795 habetur,
1196 1750 1244 1786 inr
1274 1761 1362 1798 qua
1391 1750 1481 1788 tres
1510 1751 1734 1790 orationes
1764 1754 1952 1791 recitan-

440 1813 526 1850 tur.
557 1813 694 1850 Haud
722 1814 912 1862 exiguus
942 1813 1203 1851 cruditorum
1232 1826 1462 1853 numerus.
1494 1837 1543 1840 —
1573 1819 1663 1853 5-6.
1693 1817 1952 1857 Domestica²

438 1889 522 1915 res.
559 1876 793 1914 Contiones
815 1876 871 1914 ad
891 1877 1306 1925 frequentissimum
1320 1879 1539 1927 populum
1568 1880 1798 1919 habentur.
1831 1882 1951 1920 Reli-

436 1943 572 1990 „qiosoe
593 1942 843 1991 (lisciplinoe
862 1942 901 1979 et
924 1942 1090 1991 linyuw
1118 1943 1265 1981 studio
1286 1943 1550 1982 intenditur.
1586 1945 1695 1983 Vota
1725 1946 1781 1983 ad
1809 1947 1949 1994 fervo-

437 2019 529 2045 rem
552 2007 807 2056 auyendum
828 2009 1116 2046 renovantur.
1138 2030 1189 2033 ——
1220 2012 1260 2046 7.
1280 2009 1424 2047 Faber
1448 2012 1666 2049 aurarius
1689 2023 1715 2049 a
1735 2012 1950 2051 doemonis

438 2072 667 2110 vematione
699 2071 928 2110 liberatur.
958 2073 1158 2110 Pecunia
1179 2085 1206 2111 a
1228 2074 1422 2122 quadam
1452 2075 1662 2113 matrona
1691 2075 1837 2115 oblata
1866 2079 1949 2116 rei-

437 2137 568 2174 citur.
620 2158 669 2162 ——
700 2140 741 2174 8.
772 2136 1085 2174 Benevolentia
1106 2149 1157 2174 ex
1178 2139 1322 2175 sacris
1342 2139 1470 2176 extra
1499 2140 1759 2178 nostrorum
1791 2141 1949 2191 templo

434 2201 564 2249 sactis
594 2201 884 2249 conciliatur;
909 2203 1130 2250 paroeciae
1161 2202 1307 2239 tamen
1337 2215 1494 2241 curam
1523 2205 1716 2253 accipere
1740 2207 1948 2244 recusant

434 2267 557 2304 socii.
590 2287 639 2291 —
670 2269 711 2303 9.
742 2266 914 2304 Domus
944 2266 995 2304 ab
1029 2267 1190 2304 scholis
1227 2268 1429 2306 seiuncta
1468 2268 1642 2318 aliquid
1678 2271 1947 2309 incommodi

435 2330 574 2378 affert,
606 2330 723 2379 quod
754 2330 944 2379 tempore
973 2330 1200 2369 sublatum
1232 2333 1292 2369 iri
1320 2333 1543 2381 speratur.

409 2452 443 2490 1.
476 2452 504 2500 -ξ-
537 2451 623 2490 [hs.
658 2451 749 2490 Pax
778 2451 879 2501 Xpi.
913 2451 968 2490 Vt
997 2452 1289 2501 expectationi
1313 2465 1401 2504 qua
1421 2454 1474 2493 de
1494 2456 1611 2494 statu
1642 2456 1748 2495 noui
1770 2457 1942 2509 collegij

328 2516 594 2554 treuerensis
633 2515 791 2555 certior
835 2516 925 2555 fieri
971 2518 1156 2555 fortasse
1199 2517 1423 2557 desideras
1466 2519 1808 2567 satisfaciamus,
1844 2522 1945 2561 Rde

327 2581 368 2618 et
406 2580 675 2619 orseruande
705 2580 749 2619 in
800 2580 911 2631 Xpo.
955 2581 1020 2628 P..
1053 2581 1205 2631 paucis
1252 2594 1301 2620 ea
1341 2583 1594 2632 referemus,
1629 2596 1742 2635 quae
1771 2585 1945 2626 duobus

388 2781 397 2797 ¹
423 2778 512 2811 Vide
539 2780 630 2812 Litt.
659 2779 864 2819 Qnadrim.
891 2780 949 2819 VI,
974 2781 1044 2812 390.

387 2835 398 2850 ⁵³
422 2832 473 2864 Ex
497 2833 641 2874 autogr.
681 2833 720 2865 in
757 2833 834 2865 cod.
878 2833 1005 2865 Germ.
1045 2833 1129 2872 139,
1154 2833 1189 2866 ff.
1214 2834 1265 2873 62.
1289 2835 1351 2874 633
1376 2836 1481 2876 prius
1506 2836 1575 2875 193,
1602 2837 1661 2868 194
1676 2837 1762 2877 (206,
1781 2837 1867 2878 207).
1893 2837 1943 2869 De

326 2885 448 2916 initiis
471 2885 615 2926 collegii
640 2886 857 2921 trevirensis
880 2886 964 2918 vide
999 2886 1144 2918 Lainii
1170 2886 1342 2919 Monam..
1369 2887 1410 2928 V,
1448 2888 1510 2920 333
1546 2897 1639 2930 sqq„
1677 2890 1738 2921 369
1771 2898 1850 2930 sqq.
1888 2889 1939 2923 Cf.

324 2938 435 2969 etiam
473 2938 645 2970 HANSEN:
684 2939 922 2971 Rheinische
968 2938 1137 2971 Ali-ten...
1186 2940 1248 2971 352
1282 2949 1386 2982 sqq.;
1434 2941 1710 2974 REIFFENBERG:
1759 2942 1941 2975 Historia

324 2990 405 3023 Soc.
431 2990 526 3023 Jesu
552 2991 606 3022 ad
629 2992 809 3023 Rhenum
830 2991 1063 3032 inferiorem
1087 2991 1108 3024 l.
1135 2992 1204 3027 IV:
1230 2993 1359 3025 DUHR:
1387 2993 1653 3027 Geschichte...
1677 2994 1704 3034 Ι,
1729 2995 1780 3027 95.
1806 3004 1885 3036 sqq.
