2099 3516
523 271 603 307 603.
632 293 673 297 —
701 272 922 309 MONAcmo
951 273 966 308 1
997 272 1191 309 IANUAmI
1219 273 1308 308 1562
1617 276 1687 310 669

103 389 280 428 diendis
309 390 364 428 ab
394 401 444 428 eo
474 391 712 430 obseruata
754 391 892 442 pietas
921 393 963 430 et
996 391 1191 439 deuotio,
1223 404 1311 442 qua
1341 404 1387 430 re
1417 392 1477 431 ita
1508 395 1734 443 permotus

102 457 184 502 est,
216 458 265 496 ut
293 457 603 508 conquiescere
634 457 901 507 nequiuerit,
933 459 1072 499 donec
1115 457 1465 497 familiaritatem
1500 458 1733 497 nobiscum

104 522 405 569 contraheret;
437 524 477 561 et
509 533 590 561 sua
620 522 853 562 nobiscum
883 524 1000 564 circa
1029 523 1129 563 fidei
1160 522 1373 562 articulos
1398 523 1534 562 dubia
1564 523 1735 562 confer-

105 588 184 633 ret,
215 588 347 637 atque
378 587 423 625 in
454 587 587 626 rebus
607 587 881 628 orthodoxae
904 589 1003 628 fidei
1028 589 1162 639 probe
1183 587 1270 626 iam
1297 587 1546 634 institutus,
1579 590 1735 638 suapte

103 650 282 690 demum
313 653 470 701 sponte
512 663 711 691 errorum
755 651 1062 704 labyrinthum
1097 652 1338 697 fastidirem
1376 654 1544 703 quanto
1587 655 1735 691 autem

104 716 261 755 maiori
283 716 386 755 odio
406 718 536 755 antea
559 728 640 755 nos
656 721 955 768 prosequutus
977 719 1075 761 fuit,
1099 719 1222 757 tanto
1244 717 1566 756 uehementiori
1587 729 1736 756 amore

103 782 426 832 complectitur,
459 782 622 820 famam
667 785 865 822 nostram
895 796 919 822 a
954 784 1250 834 malignorum
1280 782 1520 833 calumnijs
1542 794 1620 833 pro
1654 794 1735 822 sua

104 846 227 885 uirili
258 846 472 893 uindicat,
504 846 707 897 aliosque
736 848 790 886 ad
822 860 917 895 nos,
953 850 998 887 ut
1045 850 1088 887 et
1130 848 1215 898 ipsi
1260 847 1490 887 ueritatem
1536 847 1736 898 agnitam

105 911 443 962 amplectantur„
476 911 671 950 adducit.
706 912 794 963 Alij
827 914 902 963 qui
948 913 1102 952 multis
1141 912 1273 952 annis
1317 924 1487 951 sacram
1532 912 1737 963 synaxim

103 977 188 1016 sub
231 979 418 1028 utraque
462 976 607 1027 specie
650 981 952 1028 sumpserunt.
993 979 1198 1018 abiurata
1249 990 1368 1017 nunc
1416 977 1735 1026 inobedientia,

104 1041 324 1081 Ecclesiae
366 1041 644 1081 concordiam
691 1046 953 1093 sequuntur.
986 1043 1172 1083 Plurimi
1203 1043 1277 1094 alij
1311 1043 1603 1082 concionibus
1633 1054 1737 1082 nos—

104 1108 271 1146 trorum
322 1106 523 1157 permoti,
569 1107 839 1157 grauissima
886 1110 1078 1158 peccata,
1120 1120 1349 1159 nunquam
1398 1110 1543 1155 antea,
1576 1108 1736 1158 pai-tim

102 1172 160 1210 ob
181 1171 495 1222 ignorantiam,
520 1172 683 1222 partim
713 1173 770 1211 ob
803 1174 1112 1213 verecundiam
1143 1176 1186 1213 et
1207 1174 1409 1213 timorem
1430 1173 1614 1219 detecta,
1639 1184 1739 1212 nos-

104 1236 185 1275 tris
214 1238 505 1287 aperuerunt3
538 1239 581 1276 et
610 1237 886 1288 plaerunque
917 1238 1055 1277 totius
1090 1239 1208 1278 uitae
1243 1238 1472 1289 generales
1502 1240 1608 1277 sunt
1636 1249 1739 1277 con-

104 1300 321 1341 fessiones
350 1313 505 1340 omnes
538 1313 651 1352 quae
681 1302 848 1341 nostris
878 1303 1009 1346 fiunt.
1041 1304 1300 1354 praesertim
1330 1304 1386 1342 ab
1416 1302 1472 1353 ijS
1501 1303 1577 1353 qui
1608 1304 1739 1341 antea

104 1378 195 1405 non
225 1368 330 1406 sunt
359 1367 477 1417 apud
516 1378 598 1406 nos
642 1367 850 1406 confessi.
884 1368 1095 1415 Fuerunt,
1128 1368 1204 1419 qui
1235 1370 1277 1407 et
1306 1369 1398 1407 toto
1444 1368 1562 1407 uitae
1604 1378 1736 1406 cursu

104 1443 336 1482 nunquam
366 1434 491 1471 erant
519 1432 727 1479 confessi,
760 1432 836 1471 sed
867 1434 985 1483 apud
1015 1445 1098 1472 nos
1130 1433 1319 1484 primum
1344 1432 1640 1484 poenitentiae
1669 1444 1738 1471 sa-

103 1499 381 1536 cramentum
410 1497 674 1548 consequuti
704 1499 824 1537 sunt.
862 1498 1088 1537 Matronae
1132 1498 1321 1538 consilio
1351 1501 1393 1537 et
1423 1498 1605 1537 monitis
1634 1509 1738 1537 con-

104 1561 392 1601 fessariorum
414 1562 598 1601 maritos
619 1561 861 1610 adducunt,
886 1563 1033 1602 mariti
1060 1575 1235 1609 uxores,
1259 1566 1422 1602 matres
1452 1574 1557 1602 suas
1591 1562 1739 1613 proies

103 1629 146 1666 et
174 1638 477 1678 quoscumque
507 1629 697 1677 possunt
725 1628 853 1667 alios.
878 1628 1001 1667 Duae
1024 1628 1273 1678 praeclarae
1304 1628 1499 1679 virgines
1520 1628 1565 1667 in
1596 1627 1739 1667 luthe-

103 1692 301 1732 ranismo
330 1693 385 1731 ab
415 1693 606 1732 infantia
635 1693 738 1732 inde
778 1693 991 1733 educatae
1024 1699 1229 1744 (quarum
1273 1694 1457 1733 alterius
1491 1695 1616 1744 pater
1656 1692 1739 1732 fuit

104 1769 223 1796 unus
252 1769 305 1796 ex
334 1757 660 1796 haeresiarchis
699 1758 993 1808 scriptoribus
1023 1771 1048 1797 a
1078 1758 1218 1797 Paulo
1261 1761 1419 1809 quarto
1463 1757 1661 1809 pontifici
1692 1757 1736 1796 in

103 1823 307 1874 catalogo
336 1823 578 1871 damnatis)
609 1823 824 1874 gloriatae
854 1823 1098 1874 aliquando
1119 1826 1239 1870 sunt,
1271 1835 1318 1863 se
1347 1835 1444 1863 cum
1469 1825 1621 1862 nostro
1642 1834 1740 1862 con-

104 1887 331 1927 cionatore
360 1888 681 1939 disputaturas,
714 1889 791 1928 sed
821 1900 873 1928 ex
904 1889 1046 1939 primo
1085 1889 1309 1940 colloquio
1354 1889 1415 1928 ita
1458 1889 1579 1928 fuere
1622 1900 1739 1927 com-

105 1955 309 2004 punctae,
341 1955 390 1993 ut
419 1954 569 1993 statim
591 1954 741 1993 animo
762 1954 1063 1993 concluserint
1093 1966 1139 1993 se
1183 1954 1311 1993 fidem
1350 1954 1615 1993 catholicam
1650 1965 1742 1992 am—

105 2018 327 2069 plexuras,
359 2021 401 2058 et
429 2019 639 2070 quamuis
673 2019 1003 2070 persecutiones
1046 2019 1133 2058 iam
1165 2019 1255 2070 pati
1286 2019 1518 2070 incipiant,
1550 2019 1685 2058 etiam
1714 2030 1740 2058 a

105 2084 283 2135 propria
312 2084 508 2132 domina,
542 2085 851 2136 potentissima
880 2085 1059 2136 quidem
1104 2085 1196 2131 illa,
1229 2085 1305 2124 sed
1350 2084 1585 2131 haeretica,
1618 2084 1741 2135 ipsae

104 2151 253 2189 tamen
284 2149 430 2189 minas
459 2162 625 2202 susque
655 2150 797 2202 deque
827 2150 1032 2198 ferentes,
1056 2150 1263 2190 dominae
1295 2150 1444 2201 potius
1474 2150 1739 2189 famulatum

104 2226 202 2254 sese
230 2215 436 2255 abdicare
466 2216 640 2262 uolunt,
675 2215 937 2267 proprieque
967 2216 1199 2255 consulere
1228 2215 1380 2263 saluti,
1405 2227 1537 2265 quam
1569 2215 1741 2254 diutius

105 2279 153 2319 in
183 2280 320 2320 tantis
349 2280 525 2320 animae
556 2281 765 2331 periculis
804 2281 989 2320 uersari.
1023 2281 1223 2320 Matrona
1263 2280 1480 2331 quaedam
1525 2282 1616 2320 tota
1647 2280 1737 2319 uita

106 2345 153 2384 in
183 2345 508 2391 lutheranismo
538 2345 667 2394 uixit,
690 2358 834 2386 annos
855 2348 959 2385 nata
980 2346 1155 2385 circiter
1183 2345 1495 2396 quadraginta,
1519 2345 1595 2385 sed
1616 2357 1641 2384 a
1666 2345 1741 2384 do-

108 2410 229 2450 mino
257 2411 452 2462 quodam
481 2411 537 2450 ad
567 2422 649 2450 nos
680 2411 832 2452 missa.
856 2413 905 2450 ut
934 2411 1166 2451 doceretur
1185 2411 1316 2450 fidem
1337 2410 1616 2459 catholicam,
1638 2421 1741 2450 con-

104 2475 234 2515 tinuo
264 2487 425 2526 magna
454 2488 551 2516 cum
575 2476 714 2515 animi
735 2476 1002 2516 contritione
1026 2478 1201 2527 peccata
1221 2476 1359 2515 totius
1380 2475 1499 2515 uitae
1520 2476 1738 2523 confessa,

106 2541 327 2581 Ecclesiae
357 2553 403 2581 se
432 2541 619 2589 addixit,
651 2543 694 2581 et
726 2553 825 2581 cum
870 2542 1104 2581 catholicis
1147 2541 1511 2581 communicauit.
1544 2541 1633 2592 Alij
1667 2541 1742 2580 tri·

106 2607 205 2654 bus,
237 2608 443 2658 quatuor,
474 2607 674 2658 quinque
716 2607 849 2646 annis
878 2619 1111 2658 nunquam
1154 2606 1363 2654 confessi,
1409 2606 1741 2658 quamprimum

105 2672 162 2711 ad
191 2674 368 2711 nostros
389 2674 684 2720 accesserunt,
708 2684 800 2712 non
821 2672 1121 2723 promiserunt
1142 2671 1304 2719 solum,
1327 2671 1406 2711 sed
1425 2671 1584 2711 seriam
1607 2671 1740 2711 etiam

107 2738 245 2778 totius
274 2738 362 2777 iam
384 2737 504 2777 uitae
523 2738 880 2777 emendationem
903 2738 1208 2789 incoeperunt.
1232 2737 1358 2776 Multi
1380 2739 1486 2777 sunt
1514 2736 1591 2788 qui
1621 2748 1742 2776 more

106 2802 334 2842 Nicodemi
365 2808 377 2827 1
409 2803 525 2842 clam
554 2803 610 2842 ad
640 2815 722 2842 nos
752 2803 941 2843 ueniunt
971 2814 1141 2854 suaque
1161 2802 1351 2842 consilia
1377 2802 1610 2842 nobiscum
1640 2813 1743 2841 con-

171 2999 181 3016 ¹
203 2997 256 3031 Cf.
282 2997 384 3030 lom.
410 2998 472 3037 III,
499 2999 527 3029 1.
