2099 3516
457 262 536 297 583.
566 283 606 287 —
636 261 851 298 Mowrutm
881 261 926 296 30
954 261 1209 297 SEPTEMssms
1240 262 1327 297 1561
1592 263 1662 299 575

186 381 354 420 civibus
395 382 435 419 et
479 382 654 431 collegii
695 381 945 431 fundatrici
988 383 1085 419 cari
1127 383 1246 429 sunt,
1278 383 1317 419 et
1348 394 1374 420 α
1410 382 1545 421 Beato
1575 383 1707 421 Avila

181 458 264 496 pro
296 447 497 484 contione
534 447 796 485 laudantur.
830 468 880 472 —
907 451 951 484 4.
986 447 1245 496 Theoloy‘iue
1275 447 1425 485 doctor
1444 448 1709 497 spiritualia

186 512 398 549 exercitia
428 523 527 550 cum
558 512 709 560 fructu
747 512 936 561 peragit,
973 524 1108 560 eaque
1143 513 1338 550 maxime
1383 512 1554 550 laudat.
1586 534 1636 539 —
1666 516 1708 552 5.

186 574 563 614 Schola-sistorum
606 578 653 614 in
700 577 862 615 litteris
908 589 956 614 ac
1004 576 1129 614 bonis
1172 577 1372 615 moribus
1409 589 1709 627 progressus,-

184 653 404 679 wumersus
421 652 437 686 ,·
460 641 710 680 litterariae
731 642 1083 680 exercitatiowes.
1119 641 1179 679 Ab
1208 642 1305 679 illis
1325 642 1426 691 fidei
1451 642 1709 681 rudimenta

183 718 263 755 per
292 707 390 744 vias
420 706 732 745 decantantur.
765 728 811 732 —
846 710 887 744 6.
918 707 1036 744 Haec
1066 719 1166 745 vero
1197 708 1236 745 si
1267 719 1366 745 cvm
1404 707 1473 745 his
1517 720 1627 756 quae
1656 720 1709 746 ex

184 771 291 809 aliis
315 773 566 820 provinciis
588 773 857 818 narrantur,
881 773 1186 821 conferantur,
1211 773 1402 810 minima
1423 772 1705 811 videbuntur.

157 894 194 934 1.
226 894 254 944 ἦ·
284 894 359 933 [hs
391 917 438 921 —
469 894 561 933 Pax
591 893 755 934 Christi
790 897 869 934 etc.
904 918 953 921 —
986 894 1188 945 [Brevem
1204 908 1249 934 se
1271 897 1479 946 futurum
1502 895 1637 948 dicia]
1670 896 1707 935 A

76 958 331 998 domesticis
351 961 498 998 autem
522 960 585 1009 (ut
607 972 779 999 sumam
801 960 1023 999 scribendi
1054 960 1301 1009 exordium)
1335 960 1493 1010 viginti
1523 973 1708 1001 numero

76 1026 196 1070 sunt,
219 1023 295 1074 qui
317 1035 435 1063 nunc
461 1024 640 1063 domum
671 1025 786 1064 hanc
816 1024 1093 1072 inhabitant3
1125 1037 1315 1076 quorum
1346 1037 1422 1064 sex
1442 1026 1706 1074 sacerdotes,

76 1088 390 1140 grammaticae
419 1088 576 1128 fratres
606 1089 906 1129 moderatores
945 1092 1047 1136 tres,
1089 1090 1190 1140 plus
1229 1102 1361 1141 quam
1402 1091 1611 1130 mediocri
1641 1103 1709 1131 sa-

76 1152 328 1192 tisfactione
357 1153 567 1205 legentes.
616 1154 783 1194 Pueros
825 1155 902 1206 alij
947 1155 1036 1194 duo
1080 1155 1264 1194 edocent
1306 1155 1522 1195 elementa
1566 1156 1708 1206 prima

75 1217 348 1269 dignoscere,
381 1221 423 1258 et
451 1219 727 1258 characteres
761 1219 970 1271 graphice
1014 1220 1226 1268 formare3
1259 1223 1470 1270 quattuor
1498 1221 1709 1261 humanis

75 1282 217 1323 literis
246 1284 444 1323 sedulam
477 1284 674 1335 gnabant
704 1297 897 1335 operam.
932 1284 1100 1325 Caeteri
1130 1285 1387 1324 domesticis
1419 1288 1590 1325 vacant.
1623 1285 1707 1336 Qui

74 1359 228 1387 omnes
258 1348 468 1387 munifica
498 1349 576 1388 Dei
608 1349 889 1393 liberalitate,
924 1350 994 1389 cui
1026 1350 1195 1400 gratiae
1229 1350 1479 1390 habeantur
1507 1358 1525 1376 ἃ
1557 1350 1709 1402 ingen-

75 1414 154 1459 tes,
187 1413 359 1464 integra
388 1414 587 1465 corporis
618 1414 662 1453 in
694 1415 943 1465 praesentia
977 1415 1230 1454 valetudine
1256 1415 1567 1466 perfruuntur3
1600 1418 1707 1455 tam-

74 1479 156 1518 etsi
192 1479 333 1518 exacti
369 1479 580 1530 temporis
610 1479 798 1519 decursu
830 1481 1055 1520 extiterint
1085 1480 1103 1506 ¹>
1134 1481 1342 1520 nonnulli
1374 1482 1526 1521 morbo
1556 1482 1708 1533 aliquo

74 1543 239 1583 detenti
269 1546 311 1583 et
340 1543 554 1584 afflictati.
588 1543 786 1594 Quorum
823 1545 869 1583 in
890 1545 1169 1596 aegritudine
1198 1545 1325 1596 signa
1357 1545 1453 1585 visa
1483 1548 1587 1585 sunt
1618 1558 1708 1586 non

75 1608 279 1660 vulgaria
309 1611 351 1649 et
380 1609 624 1661 singularis
667 1610 944 1657 tolerantiae,
986 1613 1027 1650 et
1065 1623 1164 1651 cum
1209 1611 1365 1651 diuina
1408 1612 1709 1652 conformatae

76 1674 321 1713 voluntatis
353 1674 499 1726 [Viget
529 1677 744 1726 religiosa
775 1676 1048 1728 disciplina}

153 1739 190 1779 ⁸2.
224 1738 413 1789 Quidam
443 1752 496 1779 ex
525 1740 832 1780 sacerdotibus
872 1742 1130 1781 feruentiori
1171 1742 1403 1782 charitatis
1438 1744 1626 1793 pectore,
1658 1754 1708 1782 ac

73 1816 174 1844 vere
206 1805 277 1855 pio
307 1805 353 1844 in
383 1806 643 1857 euangelico
692 1807 979 1857 propagando
1019 1808 1154 1847 verbo
1194 1808 1377 1847 mirifice
1411 1807 1596 1848 affectus
1644 1810 1708 1859 (ut

74 1870 188 1910 nihil
218 1870 395 1910 interim
425 1871 478 1911 de
508 1871 605 1911 eius
634 1872 883 1912 eruditione
918 1873 1097 1923 dicam),
1134 1885 1283 1913 coram
1314 1873 1479 1924 populo
1510 1885 1599 1913 non
1629 1873 1709 1913 mi-

74 1947 161 1974 nus
190 1938 329 1986 grata,
362 1948 494 1987 quam
526 1937 741 1976 salutaria
773 1938 904 1977 verba
935 1938 1062 1986 facit;
1095 1939 1150 1978 ad
1180 1951 1312 1990 quem
1338 1939 1544 1990 permixti
1575 1951 1708 1979 sexus

73 2000 258 2040 confluit
301 2013 537 2041 numerosa
582 2003 726 2049 turba,
773 2003 998 2054 huiusque
1043 2004 1261 2043 indefessa
1308 2004 1625 2055 peruigilantia
1667 2006 1709 2043 et

72 2077 206 2116 opera
235 2066 452 2106 habemus
484 2079 743 2118 persuasum
776 2067 915 2107 Deum
951 2070 1080 2118 (quae
1111 2081 1192 2108 sua
1214 2071 1279 2109 est
1300 2069 1550 2119 clementia)
1573 2082 1597 2108 a
1619 2071 1708 2109 tur-

74 2130 259 2181 pissimo
289 2131 499 2171 vitiorum
531 2134 648 2172 statu
679 2132 735 2171 ad
765 2134 1107 2173 emendatiorem
1134 2134 1314 2173 viuendi
1346 2134 1562 2173 rationem
1592 2146 1708 2173 com-

75 2195 223 2246 plures
252 2208 480 2237 auocasse.

178 2261 217 2300 3.
251 2261 430 2301 Praeter
459 2262 532 2302 hic
561 2263 740 2303 habitas
770 2263 939 2315 ingenti
980 2276 1077 2304 cum
1122 2265 1309 2304 x'tilitate
1338 2264 1583 2309 contiones,
1616 2264 1708 2304 adit

72 2326 202 2365 etiam
235 2326 424 2366 finitima
455 2328 672 2378 quaedam
694 2329 782 2368 alia
803 2329 950 2379 opida,
976 2329 1094 2369 haud
1128 2330 1241 2369 vltra
1270 2330 1441 2369 leucam
1476 2329 1704 2376 distantia,

74 2403 162 2431 non
206 2391 553 2443 infrequentium
603 2393 867 2439 incolarum,
919 2395 991 2433 vbi
1043 2397 1140 2445 post
1189 2395 1457 2434 seminatum
1507 2395 1705 2439 verbum,

72 2456 266 2507 aliquam
298 2458 512 2508 temporis
542 2461 709 2509 partem
743 2459 788 2498 in
819 2467 832 2485 (⁴
864 2460 1223 2500 confessionibus
1252 2460 1489 2500 audiendis
1519 2459 1708 2499 libenter

72 2522 282 2562 absumit.
315 2522 384 2562 Ab
414 2524 624 2563 omnibus
646 2525 794 2575 itaque
815 2527 857 2564 et
878 2525 990 2564 miro
1011 2525 1149 2564 animi
1171 2525 1331 2565 affectu
1352 2525 1642 2569 desideratur,
1665 2526 1708 2564 et

72 2585 287 2626 inusitata
316 2588 534 2638 excipitur
564 2589 889 2630 beneuolentia.
934 2589 1032 2629 Duo
1078 2592 1300 2640 praeterea
1340 2589 1414 2640 alij
1457 2589 1707 2629 sacerdotes

72 2651 128 2690 ad
150 2652 388 2692 multorum
412 2653 633 2693 audienda
655 2654 844 2693 crimina
873 2657 977 2694 sunt
1008 2655 1234 2695 destinati.
1267 2655 1444 2706 Reliqui
1476 2666 1571 2694 sese
1601 2666 1706 2694 con-

72 2716 246 2767 fesarijs
276 2718 331 2757 ad
362 2721 536 2770 tempus
567 2719 807 2770 applicant.
849 2732 948 2759 cum
995 2721 1050 2759 ab
1089 2721 1192 2771 aliJs
1231 2720 1492 2771 ministerijs
1531 2719 1707 2770 expedi-

73 2784 222 2822 untur.
256 2782 429 2832 Quibus
460 2784 679 2834 perstricti
715 2787 941 2836 nequeunt
979 2787 1114 2825 totam
1155 2798 1334 2837 operam
1378 2786 1424 2824 in
1454 2785 1537 2824 hoc
1569 2797 1705 2824 vnum

72 2846 420 2895 sanctissimum,
467 2849 648 2900 perinde
690 2852 822 2901 atque
866 2850 1170 2899 vtilissimum,
1215 2851 1428 2891 conferre.
1473 2850 1558 2900 Qui
1602 2862 1705 2890 vero

132 3003 150 3022 a
171 2995 381 3028 habeantur
415 3005 542 3038 supra
574 3005 677 3030 vers.
714 3016 753 3019 —
776 3003 794 3030 b
814 2996 976 3029 Emend.
1011 3007 1059 3030 ex
1092 2998 1310 3030 extiterunt.
1339 3016 1378 3020 -
1402 3006 1417 3024 ο
1438 2997 1557 3030 Decet.
1594 2997 1701 3030 semi-

73 3049 208 3082 nando.
