2099 3516
542 261 621 297 473.
654 283 697 287 -e—
722 262 908 298 Bumomo
939 263 980 297 13
1010 263 1199 298 IANUARH
1230 263 1315 298 1561
1654 265 1701 300 73

116 380 351 431 episcopus
380 381 643 420 excessisset
671 394 693 420 e
725 382 814 420 vita
848 384 875 427 ¹,
907 383 1058 421 eadem
1096 384 1241 421 tamen
1282 382 1393 422 illud
1432 384 1747 423 canonicorum

115 444 351 495 collegium
382 445 429 484 in
460 457 540 484 nos
572 445 765 485 vidimus
796 447 934 485 fuisse
964 447 1291 493 beneuolentia,
1324 459 1411 498 qua
1456 449 1597 486 fuerat
1641 448 1748 487 dum

115 509 301 549 antistes
331 510 512 550 viueret.
547 511 718 550 Etenim
750 511 844 561 pari
874 512 1080 551 comitate
1109 524 1158 550 ac
1190 512 1492 551 familiaritate
1517 514 1746 551 oraturum

115 574 299 625 excepit,
332 577 531 614 orantem
579 576 769 623 audiuit,
801 576 977 616 dicendi·
1022 589 1202 616 munere
1247 577 1527 627 perfunctum
1562 577 1746 616 dimisit.

115 638 197 690 Quj
230 640 365 679 huius
395 640 556 687 scolae,
589 644 784 692 quotque
814 642 904 680 sint
935 642 1130 688 ordines,
1162 654 1276 692 quos
1306 642 1351 680 in
1383 642 1576 692 singulis
1622 644 1769 692 proti-.

115 706 286 743 teamur
314 704 552 755 scriptores
580 717 631 744 ex
664 706 820 745 borum
857 707 1056 745 omnium
1101 707 1447 757 exemplaribus,
1479 718 1592 757 quae
1623 707 1676 745 ad
1707 708 1749 745 te

115 769 373 819 perferenda
403 770 676 813 curauimus.
708 783 973 821 cognoscere
1006 772 1168 822 poteris
1199 774 1228 812 ².

194 834 231 873 4.
266 834 392 874 Nunc
421 835 476 874 ad
507 836 704 885 preclara
747 838 859 875 facta
903 836 1131 876 Guillelmi
1175 837 1417 878 Pratensis,
1451 836 1534 875 viri
1567 839 1659 876 tum
1695 837 1747 875 de

116 899 266 949 probis
294 900 519 941 omnibus,
552 903 644 939 tum
676 901 728 939 de
760 902 901 943 nobis,
933 901 1054 941 hisce
1086 902 1378 952 temporibus,
1411 913 1545 952 quam
1584 901 1749 951 optime

116 964 273 1004 meriti.
311 965 350 1003 ls
379 964 496 1003 enim
530 966 725 1004 nominis
754 978 803 1005 ac
828 966 1028 1016 ‚instituti
1061 967 1202 1005 nostri
1234 966 1478 1005 acerrimus
1520 966 1747 1017 propulsa-

115 1031 183 1067 tor
213 1029 310 1071 t'uit,
343 1030 556 1069 at‘tinibus
586 1042 635 1069 ac
668 1032 889 1081 plerisque
911 1031 1012 1070 aliis
1033 1032 1393 1071 aduersantibus.
1427 1032 1539 1070 Dum
1566 1032 1747 1070 viueret.

114 1094 313 1134 Lutetiae
343 1097 384 1133 et
414 1096 528 1145 apud
563 1097 790 1135 Aruernos
822 1097 987 1135 nostris
1017 1097 1293 1136 domicilium
1341 1099 1635 1147 sumptusque
1678 1108 1750 1135 su-

116 1159 353 1209 peditabat.
381 1160 430 1198 Et
456 1164 499 1199 ut
523 1173 621 1200 eum
654 1164 828 1210 natura,
852 1164 985 1212 atque
1006 1162 1115 1201 adeo
1137 1174 1374 1212 supremus
1397 1162 1529 1203 Deus.
1555 1161 1746 1211 pietatis,

114 1224 396 1264 liberalitatis
425 1237 475 1264 ac
504 1226 790 1265 demissionis
819 1227 957 1266 animi
988 1227 1264 1266 ornamentis
1291 1228 1606 1266 honestauerat
1629 1234 1662 1271 ἃ,
1686 1226 1748 1265 si(-

113 1301 211 1329 cum
246 1290 443 1330 Lutetiae
472 1292 709 1342 quomdam
747 1293 861 1342 apud
897 1295 1072 1331 nostros
1110 1294 1312 1331 coenaret
1338 1292 1378 1331 ¹³:
1415 1308 1434 1325 «
1458 1292 1533 1342 filij
1569 1291 1748 1342 (inquit)

115 1355 223 1394 mibi
267 1356 374 1395 estis
418 1357 686 1401 charissimi,
722 1370 876 1409 meque
924 1360 1085 1408 patrem
1132 1358 1327 1397 vicissim
1371 1358 1503 1397 vestri
1547 1357 1747 1396 omnium

117 1422 323 1470 protiteor
352 1422 735 1462 amantissimum:
773 1425 927 1461 fratres
971 1424 1078 1462 mihi
1124 1424 1231 1462 estis
1275 1423 1437 1464 intimi.
1472 1435 1538 1462 me
1572 1434 1748 1473 quoque

115 1485 290 1524 fratrem
328 1486 452 1525 vobis
482 1498 578 1526 esse
607 1490 710 1538 opto
733 1506 769 1526 ».
806 1488 933 1538 Apud
968 1489 1194 1527 Aruernos
1220 1489 1384 1538 primas
1405 1488 1628 1527 tribuebat
1651 1498 1748 1525 nos-

114 1551 216 1590 tris:
251 1552 493 1591 familiares
524 1553 740 1592 nobilium
773 1566 1053 1605 rongressus.
1077 1554 1268 1593 adeunte
1294 1554 1446 1604 aliquo
1476 1555 1745 1592 nostrorum.

113 1616 389 1660 dimittebat:
438 1620 688 1657 nostrorum
735 1620 1068 1658 ‹·‹mm1endabat
1120 1619 1440 1659 eruditionem:
1487 1618 1523 1657 si
1568 1617 1747 1668 quando

113 1681 291 1732 dialogo
324 1683 392 1722 uel
425 1686 638 1733 poemate,
671 1696 805 1734 opera
835 1687 1086 1724 nostrorum
1120 1684 1312 1723 alicuius
1351 1684 1602 1734 conscripto
1623 1692 1653 1727 (¹,
1687 1694 1748 1721 re-

112 1747 355 1796 creabatur,
390 1748 430 1787 id
463 1749 530 1788 illi
560 1752 653 1788 erat.
696 1750 1087 1789 iucundissimum.
1125 1749 1441 1789 Pronunciauit
1488 1760 1617 1799 saepe
1661 1747 1746 1787 sibi

113 1811 196 1862 ipsi
230 1813 378 1863 potius
408 1816 657 1853 necessaria
687 1815 1025 1866 denegaturum.
1058 1827 1191 1866 quam
1222 1815 1565 1854 commissurum
1602 1816 1648 1853 ut
1678 1825 1746 1852 ca-

114 1888 309 1917 reremus
340 1891 537 1929 uuquam
567 1880 700 1919 rebus
729 1880 780 1918 ad
819 1880 978 1919 rictum
1011 1880 1270 1931 cultumque
1301 1880 1420 1919 uitae
1464 1878 1742 1918 necessariis.

115 1941 174 1981 Ea
193 1941 210 1967 ¹¹
242 1942 322 1982 fuit
369 1943 483 1983 inter
525 1957 739 1984 aruernos
783 1948 1052 1985 nostrorum.
1085 1957 1135 1984 eo
1177 1946 1369 1985 viuente.
1402 1944 1666 1990 authoritas,
1703 1946 1744 1982 ui

113 2007 291 2047 foelices
324 2009 639 2059 propemodum
672 2010 943 2050 haberentur
974 2011 1038 2049 illi
1071 2011 1187 2061 apud
1219 2022 1332 2061 quos
1362 2010 1503 2049 nostri
1547 2011 1743 2060 agerent.

111 2072 277 2124 quique
306 2077 489 2124 possent
518 2075 697 2115 illorum
730 2076 790 2115 uti
824 2088 971 2126 opera.
1007 2077 1054 2115 ln
1091 2076 1171 2115 bac
1216 2075 1405 2115 dioecesi
1450 2074 1747 2114 sacerdotium

113 2138 266 2178 nullus
295 2142 397 2178 ante
428 2140 584 2181 inibat.
608 2153 739 2192 quam
773 2141 986 2181 iudicium
1015 2142 1209 2181 subisset
1230 2152 1553 2192 censuramque
1576 2143 1745 2179 nostro-

113 2216 224 2243 rum.
250 2204 417 2244 Omitto
438 2207 585 2246 scolae
606 2210 784 2246 nostrae
805 2207 1073 2247 eruditionis
1094 2207 1410 2258 doctrinaeque
1432 2207 1594 2245 tamam
1617 2206 1747 2255 longe

112 2270 286 2321 lateque
330 2275 632 2323 propagatam.
669 2273 798 2320 Haec,
834 2273 882 2312 R.
917 2273 978 2316 P..
1010 2273 1230 2324 longeque
1276 2272 1403 2323 plura
1441 2283 1598 2311 sumus
1632 2282 1746 2310 com-

114 2335 241 2374 moda
285 2337 548 2387 consequuti
593 2350 643 2376 ex
695 2338 830 2377 huius
877 2338 1113 2377 clarissimi
1164 2338 1245 2377 viri
1296 2337 1576 2377 liberalitate.
1626 2336 1746 2386 Quae

111 2403 279 2451 quanto
311 2402 452 2452 magis
474 2411 489 2426 ¹¹
518 2403 700 2443 diuinae
731 2403 1038 2454 prouidentiae
1067 2403 1346 2447 confidimus,
1370 2405 1495 2442 tanto
1518 2402 1666 2441 minus
1695 2413 1746 2440 eo

113 2468 287 2506 mortuo
317 2469 527 2517 putamus
556 2469 750 2508 extincta
778 2470 800 2507 s.
841 2470 878 2508 [s
908 2469 1045 2520 igitur
1087 2482 1187 2508 cum
1228 2469 1396 2508 morbis
1424 2468 1669 2507 obnoxium
1699 2479 1745 2505 se

112 2530 293 2576 videret,
325 2534 367 2571 et
397 2533 579 2582 perinde
608 2545 837 2573 excessum
869 2547 892 2573 e
923 2534 1016 2573 uita
1047 2546 1133 2573 non
1166 2534 1301 2585 longo
1337 2533 1548 2584 temporis
1591 2533 1745 2571 abesse

112 2595 364 2636 interuallo.
387 2597 523 2648 inque
546 2610 687 2637 rerum
720 2600 948 2639 affluentia
979 2600 1295 2639 constitutum:
1328 2610 1517 2649 cumque
1538 2609 1745 2648 supremo

172 2765 191 2783 a
211 2756 372 2789 Emewcl.
397 2767 444 2789 ar
467 2758 772 2791 honnestauerat.
798 2778 837 2781 ῌ
862 2759 878 2785 b
900 2760 1073 2791 coenaret
1089 2769 1213 2801 supra
1236 2768 1338 2792 vers.
1356 2778 1394 2781 —
1412 2768 1427 2786 c
1447 2758 1657 2798 conscripto
1680 2766 1745 2788 suv-

104 2820 186 2851 pra
208 2819 310 2843 vers.
336 2831 373 2833 ff
397 2812 414 2837 «1
441 2812 487 2843 Ea
511 2821 635 2852 snpra
665 2822 776 2845 ret-x..
797 2813 869 2845 (Iol.
890 2813 930 2844 A.
957 2832 995 2835 —
1019 2822 1035 2839 e
1058 2813 1177 2854 magis
1201 2821 1326 2854 supra
1355 2821 1454 2844 vers.
1480 2830 1518 2833 —
1545 2812 1556 2837 f
1584 2810 1742 2842 Emend.

111 2872 158 2895 ew
180 2864 395 2897 extinctam.

174 3003 183 3019 ¹
208 3001 309 3034 Obiit
332 3002 538 3035 Guilelmus
562 3004 611 3035 du
636 3003 722 3035 Prat
744 3004 804 3035 die
827 3004 923 3035 eze-93
946 3004 1116 3035 Octobris
1143 3005 1233 3035 1560.

174 3057 186 3073 ²
209 3055 305 3087 Haec
329 3056 495 3096 exempla
520 3065 593 3088 non
618 3056 793 3088 vidimus.
