2099 3516
517 278 597 314 605.
629 299 673 303 —-
701 278 903 314 PANORMO
934 277 951 312 1
980 277 1173 313 IANUARII
1204 276 1293 311 15602
1605 276 1675 312 679

94 405 174 434 sua
204 394 523 445 approbatione
553 396 585 435 il
615 396 898 436 matrimonio
928 396 966 435 si
1010 395 1114 435 fece.
1147 394 1279 434 Molte
1321 394 1561 433 elemosine
1591 394 1721 433 furno

93 458 149 498 da
177 459 318 498 nostri
348 459 467 498 Patri
511 462 551 499 et
595 461 745 500 deuoti
790 461 977 501 raccolte
997 468 1030 508 a,
1063 462 1105 499 et
1133 471 1158 498 3
1189 458 1420 509 bisognosi
1450 458 1719 505 distribuite,

93 524 138 563 di
168 524 229 563 tal
259 524 471 572 maniera,
503 525 583 564 che
621 526 777 576 quanti
822 526 975 576 poueri
1006 527 1082 576 qui
1113 525 1150 564 si
1182 524 1460 571 ritruouono,
1492 523 1535 562 al
1568 525 1722 563 nostro

92 589 279 640 collegio
309 601 385 640 per
413 589 571 641 cagion
601 590 671 629 del
702 591 906 642 bisogno,
938 602 1060 630 come
1103 589 1159 628 ad
1202 600 1292 628 uno
1337 588 1462 639 asylo
1496 590 1537 627 et
1567 600 1722 628 securo

92 654 226 704 luogo
273 665 559 694 concorrono.
594 655 647 694 Di
677 655 835 705 giorno
866 650 913 694 in
943 655 1100 706 giorno
1131 654 1207 705 piu
1243 654 1323 692 che
1358 653 1446 692 mai
1476 652 1508 692 il
1537 664 1722 692 numero

93 718 146 758 de
175 718 324 758 deuoti
353 719 590 767 s'acresce,
623 720 677 759 ne
708 732 836 759 meno
858 720 973 760 forse
995 720 1023 759 l'
1043 720 1282 770 augmento
1303 718 1556 769 spirituale;
1581 717 1613 757 il
1642 717 1723 757 che

91 783 147 822 da
176 784 253 834 qui
282 795 460 834 appare,
483 784 564 823 che
594 787 717 823 tanto
747 797 857 824 sono
880 784 1143 824 inflammati
1174 784 1244 823 del
1275 783 1367 822 zelo
1396 782 1415 808 b
1437 782 1540 822 dell'
1556 783 1720 830 anime,

92 849 173 888 che
201 861 226 888 a
256 848 442 888 nissuna
472 849 610 900 fatiga
641 862 729 889 non
759 851 797 889 si
828 852 1161 897 sottomettono,
1184 849 1304 889 accio
1335 848 1517 899 possino
1547 848 1606 899 gl’
1621 848 1722 887 altri

91 913 181 952 alla
209 914 487 953 confessione
508 916 551 953 et
581 915 757 965 predica
778 915 927 964 tirare,
951 918 992 955 et
1022 927 1133 954 sono
1154 914 1300 965 pronti
1323 926 1349 953 a
1370 913 1588 965 perdonar
1617 913 1646 952 l'
1661 913 1724 952 of-

94 978 198 1022 sese,
230 979 436 1019 consolar
464 979 701 1030 gl’afflitti,
726 980 886 1020 uisitar
906 981 965 1031 gl’
981 980 1157 1020 infermi
1180 982 1221 1020 et
1241 979 1442 1031 agiutare
1472 979 1486 1018 i
1516 978 1670 1030 poueri
1691 986 1720 1018 0.

171 1045 210 1084 4.
243 1044 303 1084 La
333 1045 677 1096 congregatione
707 1058 870 1086 ancora
899 1047 956 1086 da
985 1046 1125 1086 nostri
1165 1046 1386 1093 instituta,
1419 1045 1465 1084 in
1496 1045 1654 1096 giorno
1684 1045 1722 1084 si

92 1113 345 1161 augmenta,
369 1122 459 1149 non
480 1112 603 1150 tanto
634 1111 680 1150 in
709 1123 910 1159 numero,
943 1114 1111 1163 quanto
1141 1111 1187 1150 in
1217 1111 1323 1150 boni
1353 1113 1395 1150 et
1424 1110 1486 1161 pii
1516 1109 1720 1149 costumi.

93 1175 131 1214 A
161 1175 175 1214 i
205 1175 350 1226 giorni
380 1175 548 1226 passati
580 1176 738 1215 alcune
784 1177 933 1216 nobile
976 1179 1175 1216 matrone
1206 1176 1296 1215 han
1327 1176 1435 1215 fatto
1465 1174 1720 1226 l'essercitij

93 1240 332 1291 spirituali,
364 1252 486 1280 come
516 1241 538 1280 e
568 1241 701 1281 solito
731 1242 847 1281 della
878 1242 1173 1294 Compagnia3
1206 1242 1351 1281 donde
1385 1253 1475 1281 non
1506 1240 1725 1280 mediocre

93 1305 241 1345 utilita
275 1305 427 1346 hanno
471 1306 683 1357 riportato
727 1307 1050 1358 frequentando
1093 1307 1133 1347 le
1176 1307 1398 1358 prediche,
1430 1306 1603 1346 lettioni
1634 1308 1676 1346 et
1710 1305 1723 1344 i

93 1371 358 1410 sacramenti
379 1371 496 1411 della
515 1372 795 1412 confessione
824 1374 865 1411 et
895 1373 1207 1413 communione
1229 1373 1346 1412 nella
1376 1373 1526 1411 nostra
1557 1371 1722 1411 chiesa.

92 1435 214 1475 Dieci
258 1437 473 1476 monache
516 1437 712 1476 anchora
754 1438 845 1476 han
892 1438 1075 1489 pigliato
1106 1438 1137 1477 li
1168 1437 1379 1477 medesmi
1419 1436 1650 1487 essercitij,
1683 1438 1725 1476 et

92 1501 420 1551 generalmente
458 1502 609 1541 hanno
653 1504 855 1553 scoperto
898 1503 941 1542 al
985 1503 1237 1543 confessore
1281 1503 1294 1542 i
1338 1502 1437 1542 suoi
1469 1501 1651 1553 peccati,
1683 1503 1726 1541 et

94 1566 255 1617 meglio
298 1567 407 1606 hora
450 1567 531 1606 che
575 1567 715 1618 prima
759 1568 941 1608 uiuono.
976 1568 1028 1607 Di
1068 1569 1170 1619 quel
1216 1567 1499 1615 monasterio,
1532 1567 1564 1606 il
1593 1567 1725 1618 quale

93 1643 169 1682 per
198 1643 330 1682 opera
360 1634 511 1672 nostra
542 1632 587 1672 fu
619 1633 729 1672 fatto
759 1636 788 1681 1,
821 1646 937 1673 noue
967 1634 1142 1684 uergini
1173 1634 1263 1673 han
1293 1633 1402 1672 fatto
1432 1632 1722 1683 professione,

93 1698 136 1736 et
165 1696 250 1736 due
293 1697 332 1736 si
375 1709 485 1737 sono
529 1698 644 1737 nelle
687 1698 948 1749 probatione
992 1701 1202 1738 accettate
1222 1698 1255 1738 d.
1289 1698 1422 1738 Molte
1451 1698 1562 1737 altre
1591 1709 1726 1737 ancor

93 1773 204 1801 sono
233 1762 314 1801 che
344 1774 369 1802 a
399 1763 628 1814 malgrado
658 1763 711 1803 de
742 1764 915 1814 parenti
946 1764 992 1803 in
1022 1764 1171 1814 quello
1201 1776 1226 1803 a
1258 1764 1352 1803 ldio
1395 1764 1610 1802 bramano
1654 1762 1725 1802 de-

93 1826 270 1866 dicarsi.
303 1826 410 1867 Sino
440 1828 550 1867 hora
581 1840 671 1868 non
701 1828 737 1868 si
769 1841 880 1868 sono
910 1829 1107 1869 riceuute
1137 1837 1153 1855 e
1175 1841 1250 1880 per
1280 1829 1322 1868 la
1352 1830 1556 1868 stretteza
1586 1829 1629 1867 et
1649 1839 1725 1867 an-

93 1892 239 1943 gustie
268 1893 338 1932 del
382 1893 531 1943 luogo,
563 1895 604 1933 et
636 1895 738 1944 pero
782 1906 865 1933 con
908 1906 1121 1945 speranza
1151 1895 1188 1934 si
1219 1894 1484 1945 detengono,
1516 1893 1616 1933 sino
1645 1893 1726 1932 che

93 1957 131 1997 si
164 1969 307 2009 ponga
351 1958 437 1997 fine
480 1958 738 1998 all'edifitio
781 1960 861 1999 che
896 1959 967 1998 nel
1003 1959 1199 2010 predetto
1243 1958 1513 1998 monastiero
1547 1959 1570 1998 ὲ
1603 1958 1725 1998 inco-

94 2022 320 2071 minciato,
353 2024 458 2075 qual
501 2024 643 2071 finito,
689 2024 880 2064 ducento
928 2025 1171 2076 cinquanta
1219 2024 1434 2064 monache
1476 2023 1727 2064 commoda-

94 2090 238 2127 mente
271 2089 315 2128 ui
347 2091 565 2140 potranno
595 2091 726 2129 stare.
761 2091 777 2129 Ι
810 2091 949 2130 nostri
981 2090 1196 2130 sacerdoti
1220 2102 1301 2130 son
1331 2101 1484 2141 spesso
1514 2089 1725 2128 chiamati

93 2153 150 2193 da
178 2153 344 2193 diuersi
376 2154 632 2206 monasterij
665 2155 870 2195 accioche
900 2156 963 2195 iui
1000 2155 1259 2206 predichino
1302 2157 1344 2194 et
1382 2154 1517 2194 odino
1555 2154 1726 2194 confes-

93 2218 222 2258 sioni.
254 2218 351 2258 Non
382 2219 420 2259 si
450 2221 552 2271 puo,
585 2232 674 2259 non
708 2221 752 2260 di
783 2232 928 2269 meno,
960 2234 985 2260 a
1018 2221 1118 2260 tutti
1163 2220 1394 2267 sodisfare,
1427 2231 1504 2271 per
1546 2219 1726 2259 caristia

93 2282 138 2322 di
167 2283 320 2334 quelli,
354 2284 367 2323 i
398 2285 520 2336 quali
551 2285 670 2324 nella
699 2286 851 2325 chiesa
882 2288 1033 2325 nostra
1063 2298 1174 2325 sono
1217 2285 1436 2336 occupati,
1469 2286 1512 2324 et
1540 2296 1623 2324 con
1653 2295 1725 2324 ue-

94 2348 177 2388 rita
207 2349 246 2388 si
276 2350 365 2400 pub
395 2350 489 2389 dire
518 2351 598 2390 che
628 2352 882 2392 abondante
912 2351 979 2391 sia
1009 2352 1051 2391 la
1082 2363 1238 2401 messe,
1272 2363 1342 2390 ma
1376 2350 1654 2402 l'agricoltoi
1684 2352 1726 2390 et

93 2414 255 2465 oprarij
290 2415 426 2454 molto
456 2416 620 2466 puochi
650 2417 677 2457 2.

172 2479 210 2518 ἵ).
242 2479 370 2519 Buon
400 2480 509 2519 odor
537 2481 590 2520 de
621 2482 760 2521 nostri
782 2494 994 2533 appresso
1024 2482 1126 2522 tutti
1158 2482 1195 2521 si
1225 2482 1391 2532 spargi,
1415 2483 1457 2520 et
1485 2480 1724 2532 principal-

94 2546 239 2583 mente
268 2544 282 2583 i
312 2545 454 2584 nobili
485 2546 570 2585 ben
601 2546 645 2585 di
675 2547 750 2586 noi
781 2559 953 2598 sempre
986 2547 1184 2599 parlano,
1216 2549 1258 2586 et
1287 2546 1325 2586 ci
1356 2558 1466 2586 sono
1498 2546 1634 2585 molto
1663 2546 1727 2585 af-

152 2741 170 2760 a
190 2734 342 2766 raccolti
366 2734 399 2766 A
423 2753 463 2757 —
487 2735 505 2761 b
526 2735 603 2767 zelo
626 2735 671 2767 in
694 2745 821 2777 mat-9.
846 2755 884 2759 ——
909 2745 923 2764 c
945 2736 1070 2768 Prius
1106 2737 1275 2778 puoueri.
1300 2755 1340 2759 —
1362 2736 1381 2763 d
1404 2736 1579 2768 accettati
1602 2735 1648 2768 A.
1685 2753 1725 2758 —

95 2795 110 2814 e
132 2787 293 2820 riceuuti
316 2787 363 2820 A.

97 2961 166 3044 071
189 2959 455 2992 Monasterium
492 2959 560 2993 Sti.
600 2961 751 2993 Ioannis
789 2962 846 2994 del
883 2962 1064 3004 Roglione
1101 2963 1161 3004 (de
1194 2962 1401 3003 Ruchono).
1427 2961 1478 2995 Cf.
1504 2962 1721 2995 Formam:

138 3021 237 3045 aron.
262 3013 322 3053 IV,
348 3014 420 3046 209.

155 3069 168 3086 2
191 3066 242 3100 Cf.
266 3067 424 3108 MATTH„
449 3067 510 3108 IX,
535 3069 586 3101 37.
