2099 3516
413 285 484 323 614
887 286 1092 323 LITTERAE
1126 286 1470 332 QUADmMEsTREs

367 404 598 455 gymnasia
621 404 905 444 multitudine
925 405 1243 456 discipulorum
1267 402 1394 442 facile
1415 404 1769 450 anteuertamus;
1802 403 1950 443 indole
1965 411 1984 430 a

366 469 499 508 etiam
529 470 643 509 bona
674 472 778 509 sunt
808 470 1010 521 praediti,
1044 472 1088 509 vt
1118 470 1235 508 Deus
1265 468 1466 507 videatur
1494 468 1547 507 ad
1580 469 1775 507 nostram
1810 468 1985 508 institu-

365 533 529 573 tionem
560 546 635 574 eos
665 535 849 581 mittere,
872 535 948 586 qui
979 535 1033 573 ad
1052 534 1236 573 virtutes
1265 533 1504 583 literasque
1524 533 1817 583 capescendas
1837 533 1986 572 animo

366 599 573 650 propensi
617 602 736 647 sunt,
767 602 809 639 et
838 599 1003 639 faciles.
1038 599 1345 648 praeceptores
1382 608 1559 648 quoque
1600 597 1754 637 sedulo
1783 609 1864 637 suo
1894 597 1987 637 fun-

366 665 532 714 guntur
559 664 719 709 officio,
751 677 839 715 quo
868 664 929 712 fit,
954 666 999 702 vt
1028 664 1073 702 in
1094 662 1326 713 discipulis
1356 674 1444 701 non
1465 662 1623 713 exigua
1653 664 1695 702 et
1723 662 1987 702 eruditionis

365 730 408 768 et
437 728 649 768 virtutum
680 730 754 768 fiat
784 729 990 768 accessio.
1015 729 1126 767 Dum
1159 727 1214 766 ad
1243 727 1565 766 confessionem
1587 727 1834 774 hortantur,
1866 727 1984 767 dictu

367 792 543 841 mirum,
574 805 706 844 quam
738 795 780 833 et
809 795 933 844 grato
968 793 1011 832 id
1042 793 1192 831 animo
1222 791 1457 842 accipiant,
1480 793 1521 830 et
1544 792 1713 843 absque
1744 791 1833 831 vlla
1863 803 1989 842 repu-

365 857 548 908 gnantia
581 860 868 909 exequantur.
902 858 1015 897 Sunt
1044 869 1133 896 non
1163 856 1291 907 pauci
1323 856 1392 907 (de
1420 856 1753 896 conuictoribus
1783 856 1896 895 nihil
1926 856 1985 896 lo-

365 934 491 973 quor,
523 923 599 974 qui
629 925 786 962 octauo
816 934 991 973 quoque
1020 922 1090 961 die
1125 933 1259 973 prope
1290 922 1569 969 confitentur,
1601 922 1787 961 fratrum
1816 923 1986 961 nostro-

365 999 462 1027 rum
492 988 692 1038 exemplo
721 987 930 1039 excitati),
953 987 1029 1038 qui
1052 999 1141 1026 non
1178 987 1308 1026 modo
1328 986 1457 1026 statis
1477 986 1750 1037 temporibus
1772 998 1856 1025 vna
1886 998 1983 1026 cum

365 1052 535 1104 reliquo
564 1064 707 1103 grege,
742 1064 891 1091 verum
930 1052 1061 1092 etiam
1092 1051 1271 1102 proprio
1301 1051 1439 1091 animi
1475 1051 1686 1102 impulsu,
1720 1051 1985 1103 virtutisque

365 1117 597 1164 desiderio,
630 1118 697 1156 vel
727 1119 884 1157 octauo
914 1129 1089 1168 quoque
1120 1117 1205 1164 die,
1240 1117 1306 1156 vel
1350 1116 1542 1167 singulis
1584 1116 1823 1167 quindenis
1852 1117 1984 1156 confi-

364 1183 525 1222 tentur.
558 1181 682 1222 Circa
712 1183 902 1222 natalem
946 1182 1121 1233 Dominj
1168 1182 1403 1221 audiendis
1451 1181 1768 1233 discipulorum
1819 1181 1986 1221 confes-

364 1246 568 1286 sionibus
611 1249 802 1298 quatuor
846 1247 954 1293 dies,
997 1259 1115 1286 nunc
1156 1247 1369 1298 quinque,
1401 1258 1520 1286 nunc
1549 1258 1640 1292 seX,
1673 1258 1791 1286 nunc
1820 1248 1985 1297 septem

364 1312 612 1351 sacerdotes
641 1312 966 1362 impenderunt.
999 1312 1082 1351 Sed
1113 1312 1165 1351 de
1199 1311 1366 1351 scholis
1396 1313 1434 1351 et
1467 1311 1700 1362 discipulis
1733 1311 1841 1350 haec
1869 1311 1985 1350 dicta

363 1376 600 1416 sufficiant.
633 1376 840 1427 Superest
870 1379 916 1416 vt
945 1377 1046 1428 quis
1076 1377 1246 1416 fructus
1267 1376 1314 1416 in
1334 1376 1527 1416 externis
1548 1378 1590 1415 et
1609 1375 1680 1427 ijs,
1703 1376 1779 1427 qui
1810 1378 1985 1415 nostrae

363 1452 493 1480 curae
523 1441 747 1480 commissi
779 1454 867 1481 non
897 1444 1017 1488 sunt,
1047 1442 1189 1481 factus
1218 1442 1290 1489 sit,
1322 1441 1477 1492 paucis
1505 1442 1771 1492 aperiamus.

441 1506 480 1545 4.
513 1505 604 1546 Sub
646 1506 753 1545 haec
797 1507 907 1546 festa
951 1506 1169 1553 natalitia,
1219 1507 1399 1558 quidam
1449 1506 1749 1546 adolescentes
1796 1506 1983 1545 aliorum

363 1571 696 1622 gymnasiorum
735 1572 969 1622 confitendj
1007 1571 1156 1611 studio
1203 1571 1259 1611 ad
1302 1583 1383 1611 nos
1412 1583 1458 1611 se
1501 1571 1799 1615 contulerunt,
1840 1572 1882 1610 et
1909 1571 1985 1610 do-

363 1635 455 1675 lent
485 1635 681 1687 plerique
716 1636 833 1687 quod
874 1636 975 1688 alijs
1015 1648 1173 1676 nomen
1217 1637 1446 1685 dederunt,
1492 1648 1580 1686 quo
1624 1636 1737 1675 facto
1766 1648 1791 1674 a
1822 1635 1985 1688 nostris

362 1700 528 1740 scholis
559 1701 861 1750 prohibentur.
897 1701 1116 1741 Praeteria
1148 1701 1241 1753 [sic]
1273 1704 1377 1740 sunt
1408 1701 1534 1753 multj
1567 1701 1626 1752 pij
1658 1700 1876 1748 homines,
1908 1700 1983 1751 qui

363 1765 610 1804 sabbatinis
653 1766 809 1805 diebus
852 1767 1117 1806 confitentur
1161 1767 1211 1806 R.
1259 1766 1303 1807 P.
1348 1766 1576 1805 Leonardo
1619 1765 1664 1804 in
1708 1777 1832 1804 sacra
1879 1764 1984 1804 aede

362 1829 405 1870 S.
438 1830 637 1870 Vrsulae.
671 1831 855 1871 Vicinus
885 1833 1048 1879 noster,
1080 1832 1295 1871 honestus
1325 1831 1392 1871 vir
1421 1833 1464 1870 et
1492 1833 1633 1870 aetate
1654 1831 1981 1881 ingrauescens,

361 1895 474 1935 ciuis
503 1896 787 1943 coloniensis,
820 1909 979 1947 magna
1010 1896 1241 1936 Societatis
1271 1896 1481 1947 opinione
1515 1896 1689 1943 ductus,
1726 1895 1838 1934 duos
1867 1895 1984 1934 filios

362 1960 568 2000 Societati
589 1961 765 2007 obtulit,
788 1974 901 2012 quos
922 1961 1095 2001 interim
1120 1962 1163 2000 in
1185 1961 1372 2012 collegio
1402 1961 1496 2001 alit.
1530 1961 1652 2000 Alter
1681 1971 1823 1999 annos
1852 1961 1984 1999 natus

363 2026 426 2073 13,
458 2025 569 2064 alter
602 2038 700 2065 vero
732 2027 802 2073 15;
837 2026 1012 2078 iamque
1041 2027 1171 2066 ambo
1202 2026 1247 2065 in
1276 2027 1418 2066 classe
1440 2025 1623 2076 poetica,
1656 2025 1751 2065 siue
1781 2025 1984 2064 humani-

361 2090 479 2137 tatis,
513 2093 758 2131 versantur.
793 2091 1012 2130 Proximis
1041 2092 1067 2130 4
1096 2091 1363 2131 ieiuniorum
1400 2091 1673 2142 temporibus
1703 2090 1721 2116 ¹³
1742 2091 1797 2129 ab
1826 2089 1923 2129 R.¹¹1i
1969 2097 1984 2116 ⁰

360 2155 679 2206 archiepiscopi
712 2157 850 2207 nostrj
882 2157 1060 2208 officialj
1093 2159 1105 2180 1
1137 2169 1394 2196 concessum
1431 2158 1498 2196 est
1528 2158 1572 2195 vt
1602 2156 1740 2207 nostrj
1777 2156 1983 2206 deinceps

360 2219 592 2259 Societatis
621 2221 751 2260 titulo
781 2222 834 2260 ad
866 2233 1014 2261 sacros
1049 2222 1228 2261 ordines
1264 2223 1642 2271 promouerentur,
1674 2233 1723 2260 ac
1755 2221 1982 2272 religionis

360 2285 538 2324 nomine
567 2286 871 2326 admittantur.
906 2286 1045 2326 lll.¹¹¹¹¹S
1076 2286 1165 2325 dux
1187 2286 1564 2326 brunswichensis
1591 2286 1743 2325 Ericus
1766 2286 1810 2325 in
1834 2298 1982 2325 mense

360 2349 536 2401 Octobrj
567 2352 799 2399 oratorem,
843 2352 985 2391 virum
1016 2354 1057 2391 et
1089 2352 1361 2402 prudentem,
1394 2353 1437 2391 et
1467 2352 1697 2402 utriusque
1737 2351 1846 2391 iuris
1885 2352 1984 2391 doc-

360 2417 496 2454 torem
526 2416 557 2463 2,
589 2416 643 2455 ad
674 2416 984 2456 Reuerendiss.
1024 2416 1403 2467 archiepiscopum
1443 2419 1643 2456 nostrum
1683 2416 1981 2456 coloniensem

359 2480 632 2527 amandauit,
663 2481 943 2520 vehementer
962 2483 1169 2531 expetens
1191 2493 1213 2519 a
1236 2493 1316 2520 sua
1338 2481 1600 2520 celsitudine
1621 2481 1813 2532 aliquem
1837 2492 1982 2531 praes-

359 2545 522 2583 tantem
563 2545 764 2585 doctrina
802 2545 962 2591 virum,
1008 2548 1081 2585 aut
1126 2546 1256 2584 etiam
1303 2546 1465 2596 plures,
1498 2545 1534 2584 si
1566 2546 1760 2593 haberet,
1792 2557 1981 2596 quorum

358 2620 490 2659 opera
521 2612 714 2650 vteretur
743 2611 789 2649 in
819 2611 1024 2661 erigenda
1056 2611 1140 2649 fide
1169 2611 1401 2658 catholica,
1442 2622 1574 2662 quam
1614 2610 1730 2661 apud
1761 2622 1808 2650 se
1836 2610 1982 2662 graui-

359 2675 423 2713 ter
466 2674 729 2714 declinatam
773 2675 1072 2726 conqueritur.
1120 2675 1372 2715 Reuerdiss.
1418 2675 1567 2727 itaque
1622 2675 1981 2726 archiepiscopus

416 2805 435 2823 a
457 2797 538 2829 Del.
554 2798 644 2838 tum,
670 2816 708 2820 —
729 2797 747 2823 b
773 2797 1001 2838 temporibus
1024 2807 1150 2838 supra
1173 2807 1287 2833 vers„
1314 2798 1432 2831 deleto
1456 2798 1599 2831 diebus.
1624 2817 1663 2820 —
1687 2807 1702 2825 c
1733 2798 1819 2830 R.n1i
1855 2807 1981 2839 supra

358 2858 473 2886 vers..
499 2850 571 2883 del.
597 2850 737 2892 eximij.

422 2952 431 2969 ¹
456 2950 608 2982 Ioannis
632 2950 814 2989 Gebhard,
839 2950 1063 2982 coloniensis
1087 2950 1368 2992 archiepiscopi,
1401 2951 1568 2984 officialis
1591 2952 1670 2984 erat
1693 2952 1850 2984 Ioannes
1875 2951 1978 2983 Kem-

358 3003 427 3043 pis.
452 3003 614 3042 HANSEN‚
640 3003 664 3036 l.
689 3012 720 3036 c.
752 3004 825 3036 397.

419 3057 431 3074 2
454 3055 512 3087 Dr.
539 3055 739 3088 Mauricius
763 3056 1034 3089 Winkelmann.
1059 3056 1221 3097 HANSEN,
1248 3057 1271 3089 l.
1297 3066 1327 3089 c.
1352 3058 1423 3094 409,
1449 3066 1536 3090 ann.
1563 3058 1591 3090 1.
