<?xml version="1.0" encoding="UTF-8"?>
<!DOCTYPE html PUBLIC "-//W3C//DTD XHTML 1.0 Transitional//EN"
    "http://www.w3.org/TR/xhtml1/DTD/xhtml1-transitional.dtd">
<html xmlns="http://www.w3.org/1999/xhtml" xml:lang="en" lang="en">
 <head>
  <title>
</title>
<meta http-equiv="Content-Type" content="text/html;charset=utf-8" />
  <meta name='ocr-system' content='tesseract 3.04.00' />
  <meta name='ocr-capabilities' content='ocr_page ocr_carea ocr_par ocr_line ocrx_word'/>
</head>
<body>
  <div class='ocr_page' id='page_1' title='image "./litteraequadrime19lain_0307.png"; bbox 0 0 2099 3516; ppageno 0'>
   <div class='ocr_carea' id='block_1_1' title="bbox 544 255 1662 293">
    <p class='ocr_par' dir='ltr' id='par_1_1' title="bbox 544 255 1662 293">
     <span class='ocr_line' id='line_1_1' title="bbox 544 255 1662 293; baseline -0.001 0"><span class='ocrx_word' id='word_1_1' title='bbox 544 257 625 293; x_wconf 74' lang='lat'><strong>518.</strong></span> <span class='ocrx_word' id='word_1_2' title='bbox 652 279 696 283; x_wconf 91' lang='lat'>—</span> <span class='ocrx_word' id='word_1_3' title='bbox 724 256 964 292; x_wconf 80' lang='lat' dir='ltr'>ViNDoBONA</span> <span class='ocrx_word' id='word_1_4' title='bbox 993 256 1010 291; x_wconf 89' lang='lat'>1</span> <span class='ocrx_word' id='word_1_5' title='bbox 1039 255 1138 291; x_wconf 76' lang='lat' dir='ltr'>MA11</span> <span class='ocrx_word' id='word_1_6' title='bbox 1168 255 1254 291; x_wconf 75' lang='lat'>1561</span> <span class='ocrx_word' id='word_1_7' title='bbox 1594 256 1662 292; x_wconf 74' lang='lat'>0281</span> 
     </span>
    </p>
   </div>
   <div class='ocr_carea' id='block_1_2' title="bbox 75 373 1714 2705">
    <p class='ocr_par' dir='ltr' id='par_1_2' title="bbox 84 373 1711 554">
     <span class='ocr_line' id='line_1_2' title="bbox 87 373 1708 427; baseline -0.001 -12"><span class='ocrx_word' id='word_1_8' title='bbox 87 375 354 427; x_wconf 87' lang='lat' dir='ltr'>grinationis</span> <span class='ocrx_word' id='word_1_9' title='bbox 395 387 536 427; x_wconf 88' lang='lat' dir='ltr'>genus</span> <span class='ocrx_word' id='word_1_10' title='bbox 580 375 883 427; x_wconf 86' lang='lat' dir='ltr'>gratissimum</span> <span class='ocrx_word' id='word_1_11' title='bbox 927 374 1061 414; x_wconf 89' lang='lat' dir='ltr'>audio</span> <span class='ocrx_word' id='word_1_12' title='bbox 1103 373 1303 424; x_wconf 88' lang='lat' dir='ltr'>patronis</span> <span class='ocrx_word' id='word_1_13' title='bbox 1346 373 1512 413; x_wconf 88' lang='lat' dir='ltr'>nostris</span> <span class='ocrx_word' id='word_1_14' title='bbox 1556 374 1708 422; x_wconf 82' lang='lat' dir='ltr'>fuisse,</span> 
     </span>
     <span class='ocr_line' id='line_1_3' title="bbox 85 437 1711 491; baseline -0.002 -11"><span class='ocrx_word' id='word_1_15' title='bbox 85 440 379 491; x_wconf 78' lang='lat' dir='ltr'>pluribusque</span> <span class='ocrx_word' id='word_1_16' title='bbox 408 440 667 480; x_wconf 86' lang='lat' dir='ltr'>nominibus</span> <span class='ocrx_word' id='word_1_17' title='bbox 687 439 748 478; x_wconf 88' lang='lat' dir='ltr'>ita</span> <span class='ocrx_word' id='word_1_18' title='bbox 768 438 887 490; x_wconf 91' lang='lat' dir='ltr'>apud</span> <span class='ocrx_word' id='word_1_19' title='bbox 908 438 1029 478; x_wconf 90' lang='lat' dir='ltr'>vrbis</span> <span class='ocrx_word' id='word_1_20' title='bbox 1059 438 1194 478; x_wconf 92' lang='lat' dir='ltr'>huius</span> <span class='ocrx_word' id='word_1_21' title='bbox 1224 437 1460 489; x_wconf 91' lang='lat' dir='ltr'>primarios</span> <span class='ocrx_word' id='word_1_22' title='bbox 1493 449 1711 477; x_wconf 90' lang='lat' dir='ltr'>commen-</span> 
     </span>
     <span class='ocr_line' id='line_1_4' title="bbox 84 502 1478 554; baseline -0.002 -10"><span class='ocrx_word' id='word_1_23' title='bbox 84 505 252 551; x_wconf 89' lang='lat' dir='ltr'>datum,</span> <span class='ocrx_word' id='word_1_24' title='bbox 286 506 329 544; x_wconf 93' lang='lat' dir='ltr'>vt</span> <span class='ocrx_word' id='word_1_25' title='bbox 360 504 640 544; x_wconf 87' lang='lat' dir='ltr'>vehementer</span> <span class='ocrx_word' id='word_1_26' title='bbox 668 504 784 543; x_wconf 87' lang='lat' dir='ltr'>idem</span> <span class='ocrx_word' id='word_1_27' title='bbox 813 516 839 543; x_wconf 88' lang='lat' dir='ltr'>a</span> <span class='ocrx_word' id='word_1_28' title='bbox 868 503 999 543; x_wconf 87' lang='lat' dir='ltr'>nobis</span> <span class='ocrx_word' id='word_1_29' title='bbox 1028 515 1159 554; x_wconf 82' lang='lat' dir='ltr'>saepe</span> <span class='ocrx_word' id='word_1_30' title='bbox 1189 502 1282 542; x_wconf 90' lang='lat' dir='ltr'>fieri</span> <span class='ocrx_word' id='word_1_31' title='bbox 1312 504 1478 553; x_wconf 89' lang='lat' dir='ltr'>optent.</span> 
     </span>
    </p>

    <p class='ocr_par' dir='ltr' id='par_1_3' title="bbox 79 567 1714 1659">
     <span class='ocr_line' id='line_1_5' title="bbox 163 567 1711 609; baseline -0.002 0"><span class='ocrx_word' id='word_1_32' title='bbox 163 570 202 609; x_wconf 83' lang='lat'>4.</span> <span class='ocrx_word' id='word_1_33' title='bbox 235 569 322 609; x_wconf 91' lang='lat' dir='ltr'>Nec</span> <span class='ocrx_word' id='word_1_34' title='bbox 364 569 600 609; x_wconf 88' lang='lat' dir='ltr'>defuerunt</span> <span class='ocrx_word' id='word_1_35' title='bbox 642 568 809 608; x_wconf 90' lang='lat' dir='ltr'>nostris</span> <span class='ocrx_word' id='word_1_36' title='bbox 849 568 1050 608; x_wconf 88' lang='lat' dir='ltr'>efficaces</span> <span class='ocrx_word' id='word_1_37' title='bbox 1079 569 1121 607; x_wconf 86' lang='lat' dir='ltr'>et</span> <span class='ocrx_word' id='word_1_38' title='bbox 1150 567 1372 607; x_wconf 82' lang='lat' dir='ltr'>feruentes</span> <span class='ocrx_word' id='word_1_39' title='bbox 1417 567 1463 606; x_wconf 92' lang='lat' dir='ltr'>in</span> <span class='ocrx_word' id='word_1_40' title='bbox 1495 567 1711 607; x_wconf 90' lang='lat' dir='ltr'>custodiis</span> 
     </span>
     <span class='ocr_line' id='line_1_6' title="bbox 85 632 1713 685; baseline -0.002 -11"><span class='ocrx_word' id='word_1_41' title='bbox 85 633 276 685; x_wconf 89' lang='lat' dir='ltr'>publicis</span> <span class='ocrx_word' id='word_1_42' title='bbox 305 641 324 660; x_wconf 63' lang='grc' dir='ltr'><strong><em>ἃ</em></strong></span> <span class='ocrx_word' id='word_1_43' title='bbox 361 646 412 674; x_wconf 92' lang='lat' dir='ltr'>ac</span> <span class='ocrx_word' id='word_1_44' title='bbox 440 634 730 674; x_wconf 87' lang='lat' dir='ltr'>xenodochiis</span> <span class='ocrx_word' id='word_1_45' title='bbox 759 633 996 673; x_wconf 80' lang='lat' dir='ltr'>visitandis</span> <span class='ocrx_word' id='word_1_46' title='bbox 1024 632 1353 683; x_wconf 80' lang='lat' dir='ltr'>occupationes,</span> <span class='ocrx_word' id='word_1_47' title='bbox 1377 634 1422 671; x_wconf 88' lang='lat' dir='ltr'>vt</span> <span class='ocrx_word' id='word_1_48' title='bbox 1452 632 1603 671; x_wconf 86' lang='lat' dir='ltr'>videas</span> <span class='ocrx_word' id='word_1_49' title='bbox 1632 643 1713 671; x_wconf 93' lang='grc'>00-</span> 
     </span>
     <span class='ocr_line' id='line_1_7' title="bbox 84 696 1714 749; baseline -0.002 -11"><span class='ocrx_word' id='word_1_50' title='bbox 84 710 186 738; x_wconf 88' lang='lat' dir='ltr'>uam</span> <span class='ocrx_word' id='word_1_51' title='bbox 218 697 235 724; x_wconf 77' lang='lat' dir='ltr'>b</span> <span class='ocrx_word' id='word_1_52' title='bbox 267 698 433 749; x_wconf 88' lang='lat' dir='ltr'>passim</span> <span class='ocrx_word' id='word_1_53' title='bbox 476 699 632 738; x_wconf 88' lang='lat' dir='ltr'>horum</span> <span class='ocrx_word' id='word_1_54' title='bbox 679 698 877 738; x_wconf 87' lang='lat' dir='ltr'>locorum</span> <span class='ocrx_word' id='word_1_55' title='bbox 907 697 1062 737; x_wconf 87' lang='lat' dir='ltr'>faciem</span> <span class='ocrx_word' id='word_1_56' title='bbox 1092 696 1319 748; x_wconf 88' lang='lat' dir='ltr'>consequj.</span> <span class='ocrx_word' id='word_1_57' title='bbox 1353 697 1584 736; x_wconf 87' lang='lat' dir='ltr'>Praetereo</span> <span class='ocrx_word' id='word_1_58' title='bbox 1613 707 1714 735; x_wconf 91' lang='lat' dir='ltr'>reos</span> 
     </span>
     <span class='ocr_line' id='line_1_8' title="bbox 83 761 1711 813; baseline -0.002 -11"><span class='ocrx_word' id='word_1_59' title='bbox 83 774 273 813; x_wconf 89' lang='lat' dir='ltr'>quorum</span> <span class='ocrx_word' id='word_1_60' title='bbox 304 762 467 813; x_wconf 89' lang='lat' dir='ltr'>plures,</span> <span class='ocrx_word' id='word_1_61' title='bbox 491 774 581 802; x_wconf 89' lang='lat' dir='ltr'>non</span> <span class='ocrx_word' id='word_1_62' title='bbox 610 762 741 801; x_wconf 89' lang='lat' dir='ltr'>modo</span> <span class='ocrx_word' id='word_1_63' title='bbox 770 761 1052 801; x_wconf 82' lang='lat' dir='ltr'>eleemosinis</span> <span class='ocrx_word' id='word_1_64' title='bbox 1073 762 1177 800; x_wconf 92' lang='lat' dir='ltr'>hinc</span> <span class='ocrx_word' id='word_1_65' title='bbox 1197 761 1301 800; x_wconf 90' lang='lat' dir='ltr'>inde</span> <span class='ocrx_word' id='word_1_66' title='bbox 1321 772 1427 800; x_wconf 88' lang='lat' dir='ltr'>cura</span> <span class='ocrx_word' id='word_1_67' title='bbox 1456 762 1711 799; x_wconf 88' lang='lat' dir='ltr'>nostrorum</span> 
     </span>
     <span class='ocr_line' id='line_1_9' title="bbox 82 824 1714 877; baseline -0.002 -10"><span class='ocrx_word' id='word_1_68' title='bbox 82 827 385 875; x_wconf 78' lang='lat' dir='ltr'>emendicatis,</span> <span class='ocrx_word' id='word_1_69' title='bbox 408 828 652 867; x_wconf 85' lang='lat' dir='ltr'>horrendos</span> <span class='ocrx_word' id='word_1_70' title='bbox 681 826 869 867; x_wconf 88' lang='lat' dir='ltr'>carceris</span> <span class='ocrx_word' id='word_1_71' title='bbox 889 826 1119 877; x_wconf 86' lang='lat' dir='ltr'>squalores</span> <span class='ocrx_word' id='word_1_72' title='bbox 1138 834 1153 852; x_wconf 74' lang='lat'><strong>⁰</strong></span> <span class='ocrx_word' id='word_1_73' title='bbox 1176 837 1379 873; x_wconf 72' lang='lat' dir='ltr'>euasere,</span> <span class='ocrx_word' id='word_1_74' title='bbox 1405 837 1556 864; x_wconf 88' lang='lat' dir='ltr'>verum</span> <span class='ocrx_word' id='word_1_75' title='bbox 1578 824 1714 864; x_wconf 78' lang='lat' dir='ltr'>etiam</span> 
     </span>
     <span class='ocr_line' id='line_1_10' title="bbox 83 889 1711 938; baseline -0.001 -8"><span class='ocrx_word' id='word_1_76' title='bbox 83 891 218 930; x_wconf 88' lang='lat' dir='ltr'>vitam</span> <span class='ocrx_word' id='word_1_77' title='bbox 248 891 294 931; x_wconf 92' lang='lat' dir='ltr'>in</span> <span class='ocrx_word' id='word_1_78' title='bbox 326 892 485 932; x_wconf 90' lang='lat' dir='ltr'>melius</span> <span class='ocrx_word' id='word_1_79' title='bbox 512 893 864 932; x_wconf 86' lang='lat' dir='ltr'>commutarunt:</span> <span class='ocrx_word' id='word_1_80' title='bbox 900 891 1016 931; x_wconf 86' lang='lat' dir='ltr'>nihil</span> <span class='ocrx_word' id='word_1_81' title='bbox 1045 891 1143 930; x_wconf 94' lang='lat' dir='ltr'>dico</span> <span class='ocrx_word' id='word_1_82' title='bbox 1173 891 1226 930; x_wconf 91' lang='lat' dir='ltr'>de</span> <span class='ocrx_word' id='word_1_83' title='bbox 1255 890 1380 938; x_wconf 91' lang='lat' dir='ltr'>aleis,</span> <span class='ocrx_word' id='word_1_84' title='bbox 1399 889 1565 929; x_wconf 88' lang='lat' dir='ltr'>chartis</span> <span class='ocrx_word' id='word_1_85' title='bbox 1594 889 1711 929; x_wconf 93' lang='lat' dir='ltr'>luso-</span> 
     </span>
     <span class='ocr_line' id='line_1_11' title="bbox 82 954 1710 1007; baseline 0.001 -12"><span class='ocrx_word' id='word_1_86' title='bbox 82 956 162 996; x_wconf 89' lang='lat' dir='ltr'>riis</span> <span class='ocrx_word' id='word_1_87' title='bbox 203 958 243 996; x_wconf 86' lang='lat' dir='ltr'>et</span> <span class='ocrx_word' id='word_1_88' title='bbox 286 956 414 997; x_wconf 88' lang='lat' dir='ltr'>libris</span> <span class='ocrx_word' id='word_1_89' title='bbox 457 957 645 1004; x_wconf 79' lang='lat' dir='ltr'>haeresi,</span> <span class='ocrx_word' id='word_1_90' title='bbox 677 956 1146 1007; x_wconf 81' lang='lat' dir='ltr'>incantationibusque</span> <span class='ocrx_word' id='word_1_91' title='bbox 1175 955 1374 1007; x_wconf 78' lang='lat' dir='ltr'>pollutis,</span> <span class='ocrx_word' id='word_1_92' title='bbox 1406 966 1520 1006; x_wconf 84' lang='lat' dir='ltr'>quos</span> <span class='ocrx_word' id='word_1_93' title='bbox 1564 954 1710 1005; x_wconf 80' lang='lat' dir='ltr'>multj.</span> 
     </span>
     <span class='ocr_line' id='line_1_12' title="bbox 81 1018 1708 1073; baseline -0.001 -13"><span class='ocrx_word' id='word_1_94' title='bbox 81 1022 335 1062; x_wconf 89' lang='lat' dir='ltr'>eorumdem</span> <span class='ocrx_word' id='word_1_95' title='bbox 355 1034 532 1073; x_wconf 88' lang='lat' dir='ltr'>quoque</span> <span class='ocrx_word' id='word_1_96' title='bbox 551 1034 699 1073; x_wconf 83' lang='lat' dir='ltr'>opera,</span> <span class='ocrx_word' id='word_1_97' title='bbox 718 1022 918 1062; x_wconf 89' lang='lat' dir='ltr'>Vulcano</span> <span class='ocrx_word' id='word_1_98' title='bbox 939 1021 1231 1061; x_wconf 85' lang='lat' dir='ltr'>tradiderunt.</span> <span class='ocrx_word' id='word_1_99' title='bbox 1256 1020 1397 1060; x_wconf 86' lang='lat' dir='ltr'>Taceo</span> <span class='ocrx_word' id='word_1_100' title='bbox 1414 1020 1650 1060; x_wconf 89' lang='lat' dir='ltr'>conciones</span> <span class='ocrx_word' id='word_1_101' title='bbox 1674 1018 1708 1067; x_wconf 74' lang='lat' dir='ltr'>d,</span> 
     </span>
     <span class='ocr_line' id='line_1_13' title="bbox 81 1085 1710 1138; baseline -0.002 -11"><span class='ocrx_word' id='word_1_102' title='bbox 81 1098 193 1138; x_wconf 88' lang='lat' dir='ltr'>quas</span> <span class='ocrx_word' id='word_1_103' title='bbox 223 1087 372 1138; x_wconf 88' lang='lat' dir='ltr'>plures</span> <span class='ocrx_word' id='word_1_104' title='bbox 402 1087 448 1127; x_wconf 92' lang='lat' dir='ltr'>in</span> <span class='ocrx_word' id='word_1_105' title='bbox 468 1099 676 1138; x_wconf 88' lang='lat' dir='ltr'>supremo</span> <span class='ocrx_word' id='word_1_106' title='bbox 697 1087 832 1127; x_wconf 88' lang='lat' dir='ltr'>huius</span> <span class='ocrx_word' id='word_1_107' title='bbox 853 1086 1050 1127; x_wconf 87' lang='lat' dir='ltr'>ciuitatis</span> <span class='ocrx_word' id='word_1_108' title='bbox 1071 1086 1235 1137; x_wconf 90' lang='lat' dir='ltr'>templo</span> <span class='ocrx_word' id='word_1_109' title='bbox 1256 1085 1536 1136; x_wconf 87' lang='lat' dir='ltr'>diuersisque</span> <span class='ocrx_word' id='word_1_110' title='bbox 1558 1096 1710 1124; x_wconf 90' lang='lat' dir='ltr'>mona-</span> 
     </span>
     <span class='ocr_line' id='line_1_14' title="bbox 81 1149 1702 1204; baseline -0.002 -12"><span class='ocrx_word' id='word_1_111' title='bbox 81 1152 244 1200; x_wconf 84' lang='lat' dir='ltr'>steriis,</span> <span class='ocrx_word' id='word_1_112' title='bbox 276 1153 494 1204; x_wconf 87' lang='lat' dir='ltr'>paroeciis</span> <span class='ocrx_word' id='word_1_113' title='bbox 523 1164 574 1192; x_wconf 92' lang='lat' dir='ltr'>ac</span> <span class='ocrx_word' id='word_1_114' title='bbox 604 1155 788 1204; x_wconf 86' lang='lat' dir='ltr'>Vtroque</span> <span class='ocrx_word' id='word_1_115' title='bbox 817 1152 1106 1201; x_wconf 83' lang='lat' dir='ltr'>xenodochio,</span> <span class='ocrx_word' id='word_1_116' title='bbox 1147 1163 1307 1202; x_wconf 88' lang='lat' dir='ltr'>magno</span> <span class='ocrx_word' id='word_1_117' title='bbox 1337 1163 1437 1190; x_wconf 91' lang='lat' dir='ltr'>cum</span> <span class='ocrx_word' id='word_1_118' title='bbox 1481 1149 1702 1200; x_wconf 89' lang='lat' dir='ltr'>euangelij</span> 
     </span>
     <span class='ocr_line' id='line_1_15' title="bbox 81 1214 1712 1269; baseline -0.002 -13"><span class='ocrx_word' id='word_1_119' title='bbox 81 1217 227 1257; x_wconf 86' lang='lat' dir='ltr'>fructu</span> <span class='ocrx_word' id='word_1_120' title='bbox 256 1217 523 1257; x_wconf 89' lang='lat' dir='ltr'>habuerunt.</span> <span class='ocrx_word' id='word_1_121' title='bbox 548 1217 658 1258; x_wconf 87' lang='lat' dir='ltr'>Cum</span> <span class='ocrx_word' id='word_1_122' title='bbox 694 1217 964 1269; x_wconf 85' lang='lat' dir='ltr'>percelebres</span> <span class='ocrx_word' id='word_1_123' title='bbox 989 1217 1067 1257; x_wconf 90' lang='lat' dir='ltr'>viri</span> <span class='ocrx_word' id='word_1_124' title='bbox 1097 1216 1144 1256; x_wconf 91' lang='lat' dir='ltr'>in</span> <span class='ocrx_word' id='word_1_125' title='bbox 1174 1218 1374 1256; x_wconf 89' lang='lat' dir='ltr'>mutuam</span> <span class='ocrx_word' id='word_1_126' title='bbox 1396 1216 1539 1255; x_wconf 85' lang='lat' dir='ltr'>famae</span> <span class='ocrx_word' id='word_1_127' title='bbox 1568 1214 1712 1265; x_wconf 90' lang='lat' dir='ltr'>digni-</span> 
     </span>
     <span class='ocr_line' id='line_1_16' title="bbox 80 1279 1712 1334; baseline -0.002 -12"><span class='ocrx_word' id='word_1_128' title='bbox 80 1282 273 1333; x_wconf 87' lang='lat' dir='ltr'>tatisque</span> <span class='ocrx_word' id='word_1_129' title='bbox 305 1283 557 1333; x_wconf 88' lang='lat' dir='ltr'>perniciem,</span> <span class='ocrx_word' id='word_1_130' title='bbox 585 1283 728 1334; x_wconf 87' lang='lat' dir='ltr'>signis</span> <span class='ocrx_word' id='word_1_131' title='bbox 757 1285 904 1322; x_wconf 88' lang='lat' dir='ltr'>tamen</span> <span class='ocrx_word' id='word_1_132' title='bbox 935 1282 1134 1322; x_wconf 87' lang='lat' dir='ltr'>nondum</span> <span class='ocrx_word' id='word_1_133' title='bbox 1156 1281 1367 1321; x_wconf 90' lang='lat' dir='ltr'>omnibus</span> <span class='ocrx_word' id='word_1_134' title='bbox 1387 1280 1518 1320; x_wconf 88' lang='lat' dir='ltr'>certis</span> <span class='ocrx_word' id='word_1_135' title='bbox 1538 1279 1712 1330; x_wconf 90' lang='lat' dir='ltr'>conspi-</span> 
     </span>
     <span class='ocr_line' id='line_1_17' title="bbox 81 1345 1711 1398; baseline -0.002 -12"><span class='ocrx_word' id='word_1_136' title='bbox 81 1359 202 1386; x_wconf 88' lang='lat' dir='ltr'>rasse</span> <span class='ocrx_word' id='word_1_137' title='bbox 234 1348 501 1395; x_wconf 87' lang='lat' dir='ltr'>viderentur,</span> <span class='ocrx_word' id='word_1_138' title='bbox 525 1348 701 1388; x_wconf 88' lang='lat' dir='ltr'>curauit</span> <span class='ocrx_word' id='word_1_139' title='bbox 732 1360 846 1388; x_wconf 91' lang='lat' dir='ltr'>vnus</span> <span class='ocrx_word' id='word_1_140' title='bbox 866 1360 889 1387; x_wconf 91' lang='lat' dir='ltr'>e</span> <span class='ocrx_word' id='word_1_141' title='bbox 910 1347 1076 1387; x_wconf 83' lang='lat' dir='ltr'>nostris</span> <span class='ocrx_word' id='word_1_142' title='bbox 1108 1349 1151 1386; x_wconf 88' lang='lat' dir='ltr'>vt</span> <span class='ocrx_word' id='word_1_143' title='bbox 1181 1347 1227 1386; x_wconf 92' lang='lat' dir='ltr'>in</span> <span class='ocrx_word' id='word_1_144' title='bbox 1258 1346 1491 1398; x_wconf 79' lang='lat' dir='ltr'>pristinam</span> <span class='ocrx_word' id='word_1_145' title='bbox 1522 1345 1711 1396; x_wconf 80' lang='lat' dir='ltr'>gratiam</span> 
     </span>
     <span class='ocr_line' id='line_1_18' title="bbox 80 1410 1711 1465; baseline -0.002 -13"><span class='ocrx_word' id='word_1_146' title='bbox 80 1412 147 1452; x_wconf 92' lang='lat' dir='ltr'>illi</span> <span class='ocrx_word' id='word_1_147' title='bbox 191 1413 528 1460; x_wconf 69' lang='lat' dir='ltr'>reducerentur,</span> <span class='ocrx_word' id='word_1_148' title='bbox 574 1426 764 1465; x_wconf 88' lang='lat' dir='ltr'>quorum</span> <span class='ocrx_word' id='word_1_149' title='bbox 808 1413 919 1453; x_wconf 89' lang='lat' dir='ltr'>alter</span> <span class='ocrx_word' id='word_1_150' title='bbox 960 1425 1061 1453; x_wconf 87' lang='lat' dir='ltr'>cum</span> <span class='ocrx_word' id='word_1_151' title='bbox 1104 1425 1194 1452; x_wconf 90' lang='lat' dir='ltr'>non</span> <span class='ocrx_word' id='word_1_152' title='bbox 1239 1412 1379 1452; x_wconf 88' lang='lat' dir='ltr'>multo</span> <span class='ocrx_word' id='word_1_153' title='bbox 1424 1413 1522 1462; x_wconf 90' lang='lat' dir='ltr'>post</span> <span class='ocrx_word' id='word_1_154' title='bbox 1553 1410 1624 1461; x_wconf 85' lang='lat' dir='ltr'>vnj</span> <span class='ocrx_word' id='word_1_155' title='bbox 1657 1421 1711 1449; x_wconf 85' lang='lat' dir='ltr'>ex</span> 
     </span>
     <span class='ocr_line' id='line_1_19' title="bbox 80 1475 1709 1530; baseline -0.002 -13"><span class='ocrx_word' id='word_1_156' title='bbox 80 1478 246 1517; x_wconf 90' lang='lat' dir='ltr'>nostris</span> <span class='ocrx_word' id='word_1_157' title='bbox 276 1478 485 1518; x_wconf 86' lang='lat' dir='ltr'>Patribus</span> <span class='ocrx_word' id='word_1_158' title='bbox 519 1478 572 1518; x_wconf 90' lang='lat' dir='ltr'>de</span> <span class='ocrx_word' id='word_1_159' title='bbox 604 1479 792 1530; x_wconf 89' lang='lat' dir='ltr'>peccatis</span> <span class='ocrx_word' id='word_1_160' title='bbox 821 1479 916 1518; x_wconf 89' lang='lat' dir='ltr'>suis</span> <span class='ocrx_word' id='word_1_161' title='bbox 946 1478 1176 1518; x_wconf 87' lang='lat' dir='ltr'>confessus</span> <span class='ocrx_word' id='word_1_162' title='bbox 1216 1479 1346 1525; x_wconf 91' lang='lat' dir='ltr'>esset,</span> <span class='ocrx_word' id='word_1_163' title='bbox 1365 1487 1625 1527; x_wconf 83' lang='lat' dir='ltr'>sacramque</span> <span class='ocrx_word' id='word_1_164' title='bbox 1655 1475 1709 1514; x_wconf 90' lang='lat' dir='ltr'>de</span> 
     </span>
     <span class='ocr_line' id='line_1_20' title="bbox 80 1541 1708 1596; baseline -0.001 -14"><span class='ocrx_word' id='word_1_165' title='bbox 80 1543 277 1583; x_wconf 87' lang='lat' dir='ltr'>eiusdem</span> <span class='ocrx_word' id='word_1_166' title='bbox 322 1544 529 1584; x_wconf 88' lang='lat' dir='ltr'>manibus</span> <span class='ocrx_word' id='word_1_167' title='bbox 572 1544 777 1596; x_wconf 83' lang='lat' dir='ltr'>synaxim</span> <span class='ocrx_word' id='word_1_168' title='bbox 807 1544 1087 1595; x_wconf 82' lang='lat' dir='ltr'>sumpsisset,</span> <span class='ocrx_word' id='word_1_169' title='bbox 1133 1543 1328 1583; x_wconf 87' lang='lat' dir='ltr'>animam</span> <span class='ocrx_word' id='word_1_170' title='bbox 1372 1541 1566 1582; x_wconf 86' lang='lat' dir='ltr'>Creatori</span> <span class='ocrx_word' id='word_1_171' title='bbox 1611 1552 1708 1587; x_wconf 88' lang='lat' dir='ltr'>suo,</span> 
     </span>
     <span class='ocr_line' id='line_1_21' title="bbox 79 1609 1046 1659; baseline 0 -11"><span class='ocrx_word' id='word_1_172' title='bbox 79 1609 177 1648; x_wconf 90' lang='lat' dir='ltr'>oleo</span> <span class='ocrx_word' id='word_1_173' title='bbox 207 1609 332 1659; x_wconf 91' lang='lat' dir='ltr'>prius</span> <span class='ocrx_word' id='word_1_174' title='bbox 362 1612 517 1649; x_wconf 90' lang='lat' dir='ltr'>sancto</span> <span class='ocrx_word' id='word_1_175' title='bbox 547 1609 758 1649; x_wconf 90' lang='lat' dir='ltr'>inunctus</span> <span class='ocrx_word' id='word_1_176' title='bbox 779 1617 809 1656; x_wconf 67' lang='lat' dir='ltr'>e,</span> <span class='ocrx_word' id='word_1_177' title='bbox 842 1609 1046 1650; x_wconf 89' lang='lat' dir='ltr'>reddidit.</span> 
     </span>
    </p>

    <p class='ocr_par' dir='ltr' id='par_1_4' title="bbox 75 1672 1711 2705">
     <span class='ocr_line' id='line_1_22' title="bbox 158 1672 1710 1726; baseline -0.002 -13"><span class='ocrx_word' id='word_1_178' title='bbox 158 1674 196 1713; x_wconf 77' lang='grc' dir='ltr'>ὃ.</span> <span class='ocrx_word' id='word_1_179' title='bbox 243 1674 339 1713; x_wconf 90' lang='lat' dir='ltr'>lllis</span> <span class='ocrx_word' id='word_1_180' title='bbox 385 1686 485 1714; x_wconf 86' lang='lat' dir='ltr'>vero</span> <span class='ocrx_word' id='word_1_181' title='bbox 527 1675 650 1715; x_wconf 88' lang='lat' dir='ltr'>feriis</span> <span class='ocrx_word' id='word_1_182' title='bbox 692 1675 857 1726; x_wconf 89' lang='lat' dir='ltr'>quibus</span> <span class='ocrx_word' id='word_1_183' title='bbox 901 1674 1133 1714; x_wconf 86' lang='lat' dir='ltr'>hominum</span> <span class='ocrx_word' id='word_1_184' title='bbox 1178 1674 1336 1725; x_wconf 88' lang='lat' dir='ltr'>volgus</span> <span class='ocrx_word' id='word_1_185' title='bbox 1366 1672 1379 1699; x_wconf 80' lang='lat' dir='ltr'>f</span> <span class='ocrx_word' id='word_1_186' title='bbox 1420 1672 1617 1712; x_wconf 90' lang='lat' dir='ltr'>insanire</span> <span class='ocrx_word' id='word_1_187' title='bbox 1660 1682 1710 1710; x_wconf 88' lang='lat' dir='ltr'>ac</span> 
     </span>
     <span class='ocr_line' id='line_1_23' title="bbox 79 1738 1711 1788; baseline -0.002 -10"><span class='ocrx_word' id='word_1_188' title='bbox 79 1739 216 1779; x_wconf 81' lang='lat' dir='ltr'>veluti</span> <span class='ocrx_word' id='word_1_189' title='bbox 259 1739 496 1779; x_wconf 87' lang='lat' dir='ltr'>debachari</span> <span class='ocrx_word' id='word_1_190' title='bbox 539 1740 666 1788; x_wconf 91' lang='lat' dir='ltr'>solet,</span> <span class='ocrx_word' id='word_1_191' title='bbox 711 1739 853 1779; x_wconf 88' lang='lat' dir='ltr'>nostri</span> <span class='ocrx_word' id='word_1_192' title='bbox 896 1740 985 1779; x_wconf 79' lang='lat' dir='ltr'>fere</span> <span class='ocrx_word' id='word_1_193' title='bbox 1014 1751 1168 1779; x_wconf 88' lang='lat' dir='ltr'>omnes</span> <span class='ocrx_word' id='word_1_194' title='bbox 1197 1739 1360 1779; x_wconf 88' lang='lat' dir='ltr'>laruati</span> <span class='ocrx_word' id='word_1_195' title='bbox 1399 1749 1561 1778; x_wconf 87' lang='lat' dir='ltr'>coenae</span> <span class='ocrx_word' id='word_1_196' title='bbox 1604 1738 1711 1776; x_wconf 90' lang='lat' dir='ltr'>tem-</span> 
     </span>
     <span class='ocr_line' id='line_1_24' title="bbox 78 1804 1711 1857; baseline -0.002 -13"><span class='ocrx_word' id='word_1_197' title='bbox 78 1816 182 1856; x_wconf 88' lang='lat' dir='ltr'>pore</span> <span class='ocrx_word' id='word_1_198' title='bbox 224 1804 414 1856; x_wconf 82' lang='lat' dir='ltr'>flagellis</span> <span class='ocrx_word' id='word_1_199' title='bbox 442 1817 524 1845; x_wconf 90' lang='lat' dir='ltr'>sua</span> <span class='ocrx_word' id='word_1_200' title='bbox 553 1817 737 1857; x_wconf 88' lang='lat' dir='ltr'>corpora</span> <span class='ocrx_word' id='word_1_201' title='bbox 780 1805 826 1845; x_wconf 90' lang='lat' dir='ltr'>in</span> <span class='ocrx_word' id='word_1_202' title='bbox 870 1807 1023 1845; x_wconf 89' lang='lat' dir='ltr'>nostro</span> <span class='ocrx_word' id='word_1_203' title='bbox 1054 1805 1248 1845; x_wconf 88' lang='lat' dir='ltr'>triclinio</span> <span class='ocrx_word' id='word_1_204' title='bbox 1277 1804 1580 1849; x_wconf 88' lang='lat' dir='ltr'>conciderunt,</span> <span class='ocrx_word' id='word_1_205' title='bbox 1613 1813 1711 1852; x_wconf 90' lang='lat' dir='ltr'>pro-</span> 
     </span>
     <span class='ocr_line' id='line_1_25' title="bbox 77 1867 1710 1920; baseline -0.002 -11"><span class='ocrx_word' id='word_1_206' title='bbox 77 1869 318 1910; x_wconf 89' lang='lat' dir='ltr'>deuntibus</span> <span class='ocrx_word' id='word_1_207' title='bbox 352 1870 487 1910; x_wconf 91' lang='lat' dir='ltr'>simul</span> <span class='ocrx_word' id='word_1_208' title='bbox 507 1871 741 1910; x_wconf 88' lang='lat' dir='ltr'>duodecim</span> <span class='ocrx_word' id='word_1_209' title='bbox 761 1873 839 1910; x_wconf 86' lang='lat' dir='ltr'>aut</span> <span class='ocrx_word' id='word_1_210' title='bbox 860 1871 910 1910; x_wconf 81' lang='lat'>14</span> <span class='ocrx_word' id='word_1_211' title='bbox 939 1870 985 1910; x_wconf 89' lang='lat' dir='ltr'>in</span> <span class='ocrx_word' id='word_1_212' title='bbox 1007 1871 1187 1910; x_wconf 89' lang='lat' dir='ltr'>modum</span> <span class='ocrx_word' id='word_1_213' title='bbox 1208 1868 1521 1920; x_wconf 85' lang='lat' dir='ltr'>processionis,</span> <span class='ocrx_word' id='word_1_214' title='bbox 1544 1867 1710 1919; x_wconf 86' lang='lat' dir='ltr'>quibus</span> 
     </span>
     <span class='ocr_line' id='line_1_26' title="bbox 79 1933 1706 1987; baseline -0.002 -13"><span class='ocrx_word' id='word_1_215' title='bbox 79 1946 193 1975; x_wconf 84' lang='lat' dir='ltr'>Vnus</span> <span class='ocrx_word' id='word_1_216' title='bbox 221 1947 274 1975; x_wconf 84' lang='lat' dir='ltr'>ex</span> <span class='ocrx_word' id='word_1_217' title='bbox 312 1935 383 1982; x_wconf 89' lang='lat' dir='ltr'>iis,</span> <span class='ocrx_word' id='word_1_218' title='bbox 415 1935 492 1987; x_wconf 88' lang='lat' dir='ltr'>qui</span> <span class='ocrx_word' id='word_1_219' title='bbox 521 1936 877 1987; x_wconf 61' lang='lat' dir='ltr'>collegii-curam</span> <span class='ocrx_word' id='word_1_220' title='bbox 910 1936 1037 1987; x_wconf 86' lang='lat' dir='ltr'>gerit,</span> <span class='ocrx_word' id='word_1_221' title='bbox 1072 1935 1191 1975; x_wconf 90' lang='lat' dir='ltr'>velut</span> <span class='ocrx_word' id='word_1_222' title='bbox 1233 1934 1492 1986; x_wconf 86' lang='lat' dir='ltr'>capitaneus</span> <span class='ocrx_word' id='word_1_223' title='bbox 1540 1933 1706 1972; x_wconf 89' lang='lat' dir='ltr'>aderat.</span> 
     </span>
     <span class='ocr_line' id='line_1_27' title="bbox 77 1997 1708 2052; baseline -0.002 -13"><span class='ocrx_word' id='word_1_224' title='bbox 77 1999 148 2039; x_wconf 92' lang='lat' dir='ltr'>Pr.</span> <span class='ocrx_word' id='word_1_225' title='bbox 181 1999 414 2040; x_wconf 88' lang='lat' dir='ltr'>Cornelius</span> <span class='ocrx_word' id='word_1_226' title='bbox 435 2003 447 2024; x_wconf 74' lang='lat'><strong>1</strong></span> <span class='ocrx_word' id='word_1_227' title='bbox 469 2000 546 2052; x_wconf 88' lang='lat' dir='ltr'>qui</span> <span class='ocrx_word' id='word_1_228' title='bbox 576 2003 773 2041; x_wconf 85' lang='lat' dir='ltr'>caeteros</span> <span class='ocrx_word' id='word_1_229' title='bbox 793 2001 1098 2052; x_wconf 86' lang='lat' dir='ltr'>praecedebat,</span> <span class='ocrx_word' id='word_1_230' title='bbox 1121 2001 1299 2040; x_wconf 84' lang='lat' dir='ltr'>dextera</span> <span class='ocrx_word' id='word_1_231' title='bbox 1324 1998 1539 2046; x_wconf 84' lang='lat' dir='ltr'>crucifixi,</span> <span class='ocrx_word' id='word_1_232' title='bbox 1571 1997 1708 2037; x_wconf 87' lang='lat' dir='ltr'>altera</span> 
     </span>
     <span class='ocr_line' id='line_1_28' title="bbox 76 2062 1709 2118; baseline -0.001 -14"><span class='ocrx_word' id='word_1_233' title='bbox 76 2076 180 2105; x_wconf 88' lang='lat' dir='ltr'>vero</span> <span class='ocrx_word' id='word_1_234' title='bbox 209 2077 344 2105; x_wconf 90' lang='lat' dir='ltr'>manu</span> <span class='ocrx_word' id='word_1_235' title='bbox 373 2066 528 2106; x_wconf 87' lang='lat' dir='ltr'>mortis</span> <span class='ocrx_word' id='word_1_236' title='bbox 557 2066 843 2106; x_wconf 88' lang='lat' dir='ltr'>simulacrum</span> <span class='ocrx_word' id='word_1_237' title='bbox 876 2068 1070 2118; x_wconf 86' lang='lat' dir='ltr'>gestans,</span> <span class='ocrx_word' id='word_1_238' title='bbox 1102 2066 1201 2117; x_wconf 92' lang='lat' dir='ltr'>pios</span> <span class='ocrx_word' id='word_1_239' title='bbox 1229 2065 1447 2117; x_wconf 85' lang='lat' dir='ltr'>quosdam</span> <span class='ocrx_word' id='word_1_240' title='bbox 1472 2064 1526 2104; x_wconf 89' lang='lat' dir='ltr'>de</span> <span class='ocrx_word' id='word_1_241' title='bbox 1552 2062 1709 2103; x_wconf 88' lang='lat' dir='ltr'>mundi</span> 
     </span>
     <span class='ocr_line' id='line_1_29' title="bbox 75 2127 1708 2182; baseline -0.002 -13"><span class='ocrx_word' id='word_1_242' title='bbox 75 2130 402 2181; x_wconf 84' lang='lat' dir='ltr'>contemptione</span> <span class='ocrx_word' id='word_1_243' title='bbox 445 2131 703 2178; x_wconf 82' lang='lat' dir='ltr'>versiculos,</span> <span class='ocrx_word' id='word_1_244' title='bbox 749 2131 823 2182; x_wconf 89' lang='lat' dir='ltr'>alij</span> <span class='ocrx_word' id='word_1_245' title='bbox 870 2131 1067 2182; x_wconf 88' lang='lat' dir='ltr'>psalmos</span> <span class='ocrx_word' id='word_1_246' title='bbox 1109 2130 1329 2182; x_wconf 84' lang='lat' dir='ltr'>singulari</span> <span class='ocrx_word' id='word_1_247' title='bbox 1372 2129 1610 2170; x_wconf 89' lang='lat' dir='ltr'>deuotione</span> <span class='ocrx_word' id='word_1_248' title='bbox 1652 2127 1708 2167; x_wconf 89' lang='lat' dir='ltr'>ad</span> 
     </span>
     <span class='ocr_line' id='line_1_30' title="bbox 76 2195 1708 2246; baseline -0.001 -12"><span class='ocrx_word' id='word_1_249' title='bbox 76 2195 252 2246; x_wconf 87' lang='lat' dir='ltr'>flagella</span> <span class='ocrx_word' id='word_1_250' title='bbox 279 2195 522 2236; x_wconf 83' lang='lat' dir='ltr'>excitantes</span> <span class='ocrx_word' id='word_1_251' title='bbox 552 2196 812 2236; x_wconf 86' lang='lat' dir='ltr'>recitabant.</span> <span class='ocrx_word' id='word_1_252' title='bbox 845 2196 940 2236; x_wconf 91' lang='lat' dir='ltr'>Hoc</span> <span class='ocrx_word' id='word_1_253' title='bbox 969 2208 1088 2236; x_wconf 90' lang='lat' dir='ltr'>nouo</span> <span class='ocrx_word' id='word_1_254' title='bbox 1118 2195 1510 2236; x_wconf 85' lang='lat' dir='ltr'>bacchanaliorum</span> <span class='ocrx_word' id='word_1_255' title='bbox 1550 2205 1708 2245; x_wconf 84' lang='lat' dir='ltr'>genere</span> 
     </span>
     <span class='ocr_line' id='line_1_31' title="bbox 75 2259 1707 2313; baseline -0.001 -13"><span class='ocrx_word' id='word_1_256' title='bbox 75 2261 330 2312; x_wconf 90' lang='lat' dir='ltr'>collegiales</span> <span class='ocrx_word' id='word_1_257' title='bbox 345 2261 482 2301; x_wconf 86' lang='lat' dir='ltr'>exteri</span> <span class='ocrx_word' id='word_1_258' title='bbox 497 2264 541 2301; x_wconf 89' lang='lat' dir='ltr'>et</span> <span class='ocrx_word' id='word_1_259' title='bbox 555 2261 699 2301; x_wconf 88' lang='lat' dir='ltr'>nostri</span> <span class='ocrx_word' id='word_1_260' title='bbox 715 2262 1001 2313; x_wconf 86' lang='lat' dir='ltr'>potissimum</span> <span class='ocrx_word' id='word_1_261' title='bbox 1017 2261 1313 2308; x_wconf 88' lang='lat' dir='ltr'>conuictores,</span> <span class='ocrx_word' id='word_1_262' title='bbox 1332 2260 1537 2312; x_wconf 80' lang='lat' dir='ltr'>qui-tunc</span> <span class='ocrx_word' id='word_1_263' title='bbox 1547 2259 1707 2299; x_wconf 61' lang='lat' dir='ltr'>cibum</span> 
     </span>
     <span class='ocr_line' id='line_1_32' title="bbox 76 2325 1707 2378; baseline -0.001 -13"><span class='ocrx_word' id='word_1_264' title='bbox 76 2325 307 2366; x_wconf 89' lang='lat' dir='ltr'>nobiscum</span> <span class='ocrx_word' id='word_1_265' title='bbox 329 2327 839 2378; x_wconf 65' lang='lat' dir='ltr'>sumebantgperterriti,</span> <span class='ocrx_word' id='word_1_266' title='bbox 864 2327 939 2378; x_wconf 87' lang='lat' dir='ltr'>alij</span> <span class='ocrx_word' id='word_1_267' title='bbox 965 2327 1100 2367; x_wconf 90' lang='lat' dir='ltr'>facies</span> <span class='ocrx_word' id='word_1_268' title='bbox 1122 2329 1281 2378; x_wconf 86' lang='lat' dir='ltr'>tegere,</span> <span class='ocrx_word' id='word_1_269' title='bbox 1301 2325 1375 2377; x_wconf 87' lang='lat' dir='ltr'>alij</span> <span class='ocrx_word' id='word_1_270' title='bbox 1401 2326 1514 2366; x_wconf 89' lang='lat' dir='ltr'>fusis</span> <span class='ocrx_word' id='word_1_271' title='bbox 1535 2337 1611 2376; x_wconf 88' lang='lat' dir='ltr'>per</span> <span class='ocrx_word' id='word_1_272' title='bbox 1630 2336 1707 2364; x_wconf 90' lang='lat' dir='ltr'>ora</span> 
     </span>
     <span class='ocr_line' id='line_1_33' title="bbox 75 2392 1707 2444; baseline -0.001 -13"><span class='ocrx_word' id='word_1_273' title='bbox 75 2392 305 2432; x_wconf 89' lang='lat' dir='ltr'>lachrimis</span> <span class='ocrx_word' id='word_1_274' title='bbox 342 2405 367 2432; x_wconf 92' lang='lat' dir='ltr'>a</span> <span class='ocrx_word' id='word_1_275' title='bbox 397 2393 713 2433; x_wconf 90' lang='lat' dir='ltr'>commestione</span> <span class='ocrx_word' id='word_1_276' title='bbox 743 2393 989 2440; x_wconf 84' lang='lat' dir='ltr'>abstinere;</span> <span class='ocrx_word' id='word_1_277' title='bbox 1021 2395 1210 2444; x_wconf 86' lang='lat' dir='ltr'>sequuta</span> <span class='ocrx_word' id='word_1_278' title='bbox 1239 2394 1306 2432; x_wconf 83' lang='lat' dir='ltr'>est</span> <span class='ocrx_word' id='word_1_279' title='bbox 1349 2394 1470 2431; x_wconf 88' lang='lat' dir='ltr'>tanta</span> <span class='ocrx_word' id='word_1_280' title='bbox 1500 2403 1653 2431; x_wconf 85' lang='lat' dir='ltr'>eorum</span> <span class='ocrx_word' id='word_1_281' title='bbox 1682 2402 1707 2429; x_wconf 90' lang='lat' dir='ltr'>a</span> 
     </span>
     <span class='ocr_line' id='line_1_34' title="bbox 75 2456 1708 2510; baseline -0.001 -13"><span class='ocrx_word' id='word_1_282' title='bbox 75 2469 211 2497; x_wconf 88' lang='lat' dir='ltr'>coena</span> <span class='ocrx_word' id='word_1_283' title='bbox 231 2470 255 2497; x_wconf 92' lang='lat' dir='ltr'>e</span> <span class='ocrx_word' id='word_1_284' title='bbox 274 2458 413 2498; x_wconf 87' lang='lat' dir='ltr'>sacris</span> <span class='ocrx_word' id='word_1_285' title='bbox 442 2458 710 2510; x_wconf 89' lang='lat' dir='ltr'>quibusdam</span> <span class='ocrx_word' id='word_1_286' title='bbox 740 2458 979 2510; x_wconf 84' lang='lat' dir='ltr'>colloquijs</span> <span class='ocrx_word' id='word_1_287' title='bbox 1008 2458 1300 2509; x_wconf 89' lang='lat' dir='ltr'>antistrophe,</span> <span class='ocrx_word' id='word_1_288' title='bbox 1334 2459 1379 2497; x_wconf 87' lang='lat' dir='ltr'>vt</span> <span class='ocrx_word' id='word_1_289' title='bbox 1408 2456 1576 2508; x_wconf 90' lang='lat' dir='ltr'>singuli</span> <span class='ocrx_word' id='word_1_290' title='bbox 1598 2468 1708 2507; x_wconf 92' lang='lat' dir='ltr'>pene</span> 
     </span>
     <span class='ocr_line' id='line_1_35' title="bbox 76 2522 1703 2575; baseline -0.001 -13"><span class='ocrx_word' id='word_1_291' title='bbox 76 2522 189 2562; x_wconf 89' lang='lat' dir='ltr'>idem</span> <span class='ocrx_word' id='word_1_292' title='bbox 223 2523 463 2574; x_wconf 88' lang='lat' dir='ltr'>penitentie</span> <span class='ocrx_word' id='word_1_293' title='bbox 492 2535 633 2575; x_wconf 86' lang='lat' dir='ltr'>genus</span> <span class='ocrx_word' id='word_1_294' title='bbox 663 2535 710 2563; x_wconf 93' lang='lat' dir='ltr'>se</span> <span class='ocrx_word' id='word_1_295' title='bbox 739 2535 873 2575; x_wconf 89' lang='lat' dir='ltr'>quam</span> <span class='ocrx_word' id='word_1_296' title='bbox 907 2523 1113 2563; x_wconf 88' lang='lat' dir='ltr'>ocissime</span> <span class='ocrx_word' id='word_1_297' title='bbox 1143 2523 1345 2562; x_wconf 92' lang='lat' dir='ltr'>obituros</span> <span class='ocrx_word' id='word_1_298' title='bbox 1367 2522 1703 2573; x_wconf 90' lang='lat' dir='ltr'>pollicerentur:</span> 
     </span>
     <span class='ocr_line' id='line_1_36' title="bbox 76 2587 1704 2639; baseline -0.001 -12"><span class='ocrx_word' id='word_1_299' title='bbox 76 2587 209 2639; x_wconf 91' lang='lat' dir='ltr'>idque</span> <span class='ocrx_word' id='word_1_300' title='bbox 238 2588 402 2628; x_wconf 84' lang='lat' dir='ltr'>factum</span> <span class='ocrx_word' id='word_1_301' title='bbox 425 2590 506 2636; x_wconf 90' lang='lat' dir='ltr'>est,</span> <span class='ocrx_word' id='word_1_302' title='bbox 530 2588 818 2639; x_wconf 86' lang='lat' dir='ltr'>praecedente</span> <span class='ocrx_word' id='word_1_303' title='bbox 841 2588 1032 2639; x_wconf 87' lang='lat' dir='ltr'>primum</span> <span class='ocrx_word' id='word_1_304' title='bbox 1053 2588 1262 2639; x_wconf 89' lang='lat' dir='ltr'>episcopo</span> <span class='ocrx_word' id='word_1_305' title='bbox 1285 2588 1341 2627; x_wconf 88' lang='lat' dir='ltr'>ab</span> <span class='ocrx_word' id='word_1_306' title='bbox 1361 2587 1426 2627; x_wconf 90' lang='lat' dir='ltr'>eis</span> <span class='ocrx_word' id='word_1_307' title='bbox 1446 2587 1704 2634; x_wconf 86' lang='lat' dir='ltr'>constituto,</span> 
     </span>
     <span class='ocr_line' id='line_1_37' title="bbox 75 2653 1707 2705; baseline -0.001 -12"><span class='ocrx_word' id='word_1_308' title='bbox 75 2654 117 2692; x_wconf 88' lang='lat' dir='ltr'>et</span> <span class='ocrx_word' id='word_1_309' title='bbox 145 2653 321 2693; x_wconf 89' lang='lat' dir='ltr'>duobus</span> <span class='ocrx_word' id='word_1_310' title='bbox 351 2654 470 2693; x_wconf 90' lang='lat' dir='ltr'>velut</span> <span class='ocrx_word' id='word_1_311' title='bbox 500 2654 672 2705; x_wconf 88' lang='lat' dir='ltr'>angelis</span> <span class='ocrx_word' id='word_1_312' title='bbox 703 2654 899 2704; x_wconf 87' lang='lat' dir='ltr'>psalmos</span> <span class='ocrx_word' id='word_1_313' title='bbox 920 2653 1236 2700; x_wconf 87' lang='lat' dir='ltr'>recitantibus;</span> <span class='ocrx_word' id='word_1_314' title='bbox 1269 2653 1443 2700; x_wconf 89' lang='lat' dir='ltr'>deinde,</span> <span class='ocrx_word' id='word_1_315' title='bbox 1477 2654 1707 2704; x_wconf 89' lang='lat' dir='ltr'>praesente</span> 
     </span>
    </p>
   </div>
   <div class='ocr_carea' id='block_1_3' title="bbox 74 2829 1700 2925">
    <p class='ocr_par' dir='ltr' id='par_1_5' title="bbox 74 2829 1700 2925">
     <span class='ocr_line' id='line_1_38' title="bbox 136 2829 1700 2872; baseline -0.001 -10"><span class='ocrx_word' id='word_1_316' title='bbox 136 2837 155 2857; x_wconf 82' lang='lat' dir='ltr'>a</span> <span class='ocrx_word' id='word_1_317' title='bbox 185 2830 346 2871; x_wconf 89' lang='lat' dir='ltr'>puplicis</span> <span class='ocrx_word' id='word_1_318' title='bbox 368 2830 415 2870; x_wconf 73' lang='lat' dir='ltr'>A,</span> <span class='ocrx_word' id='word_1_319' title='bbox 439 2830 484 2863; x_wconf 90' lang='lat' dir='ltr'>B.</span> <span class='ocrx_word' id='word_1_320' title='bbox 508 2850 548 2853; x_wconf 96' lang='lat'><strong>—</strong></span> <span class='ocrx_word' id='word_1_321' title='bbox 572 2831 590 2857; x_wconf 89' lang='lat' dir='ltr'>b</span> <span class='ocrx_word' id='word_1_322' title='bbox 618 2840 754 2863; x_wconf 85' lang='lat' dir='ltr'>nouam</span> <span class='ocrx_word' id='word_1_323' title='bbox 787 2840 915 2872; x_wconf 77' lang='lat' dir='ltr'>supra</span> <span class='ocrx_word' id='word_1_324' title='bbox 948 2839 1049 2863; x_wconf 81' lang='lat' dir='ltr'>vers.</span> <span class='ocrx_word' id='word_1_325' title='bbox 1073 2830 1120 2863; x_wconf 79' lang='lat' dir='ltr'>A.</span> <span class='ocrx_word' id='word_1_326' title='bbox 1148 2849 1188 2853; x_wconf 90' lang='lat'>—</span> <span class='ocrx_word' id='word_1_327' title='bbox 1217 2838 1232 2858; x_wconf 84' lang='lat' dir='ltr'>c</span> <span class='ocrx_word' id='word_1_328' title='bbox 1263 2830 1425 2863; x_wconf 78' lang='lat' dir='ltr'>Emend.</span> <span class='ocrx_word' id='word_1_329' title='bbox 1460 2839 1508 2862; x_wconf 61' lang='lat' dir='ltr'>ex</span> <span class='ocrx_word' id='word_1_330' title='bbox 1545 2829 1700 2861; x_wconf 90' lang='lat' dir='ltr'>dolores.</span> 
     </span>
     <span class='ocr_line' id='line_1_39' title="bbox 74 2883 1402 2925; baseline 0.001 -10"><span class='ocrx_word' id='word_1_331' title='bbox 74 2883 93 2910; x_wconf 90' lang='lat' dir='ltr'>d</span> <span class='ocrx_word' id='word_1_332' title='bbox 123 2883 302 2916; x_wconf 72' lang='lat' dir='ltr'>Iteratur</span> <span class='ocrx_word' id='word_1_333' title='bbox 326 2892 361 2916; x_wconf 87' lang='grc' dir='ltr'>υ.</span> <span class='ocrx_word' id='word_1_334' title='bbox 386 2884 583 2916; x_wconf 88' lang='lat' dir='ltr'>conciones</span> <span class='ocrx_word' id='word_1_335' title='bbox 606 2884 651 2915; x_wconf 78' lang='lat' dir='ltr'>in</span> <span class='ocrx_word' id='word_1_336' title='bbox 673 2883 719 2916; x_wconf 64' lang='lat' dir='ltr'>A.</span> <span class='ocrx_word' id='word_1_337' title='bbox 744 2903 784 2906; x_wconf 97' lang='lat'><strong>—</strong></span> <span class='ocrx_word' id='word_1_338' title='bbox 806 2893 822 2912; x_wconf 81' lang='lat' dir='ltr'>e</span> <span class='ocrx_word' id='word_1_339' title='bbox 843 2884 996 2916; x_wconf 89' lang='lat' dir='ltr'>inuctus</span> <span class='ocrx_word' id='word_1_340' title='bbox 1028 2883 1075 2916; x_wconf 83' lang='lat' dir='ltr'>A.</span> <span class='ocrx_word' id='word_1_341' title='bbox 1100 2902 1140 2907; x_wconf 83' lang='lat'>—</span> <span class='ocrx_word' id='word_1_342' title='bbox 1163 2884 1176 2910; x_wconf 86' lang='lat' dir='ltr'>f</span> <span class='ocrx_word' id='word_1_343' title='bbox 1202 2884 1341 2925; x_wconf 80' lang='lat' dir='ltr'>vulgus</span> <span class='ocrx_word' id='word_1_344' title='bbox 1357 2883 1402 2916; x_wconf 90' lang='lat' dir='ltr'>B.</span> 
     </span>
    </p>
   </div>
   <div class='ocr_carea' id='block_1_4' title="bbox 138 3049 861 3091">
    <p class='ocr_par' dir='ltr' id='par_1_6' title="bbox 138 3049 861 3091">
     <span class='ocr_line' id='line_1_40' title="bbox 138 3049 861 3091; baseline 0.001 -10"><span class='ocrx_word' id='word_1_345' title='bbox 138 3051 146 3068; x_wconf 91' lang='lat'>¹</span> <span class='ocrx_word' id='word_1_346' title='bbox 171 3049 208 3082; x_wconf 92' lang='lat' dir='ltr'>P.</span> <span class='ocrx_word' id='word_1_347' title='bbox 233 3049 427 3082; x_wconf 89' lang='lat' dir='ltr'>Cornelius</span> <span class='ocrx_word' id='word_1_348' title='bbox 449 3050 683 3091; x_wconf 86' lang='lat' dir='ltr'>Brogelman,</span> <span class='ocrx_word' id='word_1_349' title='bbox 708 3050 861 3082; x_wconf 89' lang='lat' dir='ltr'>flander.</span> 
     </span>
    </p>
   </div>
  </div>
 </body>
</html>
