2099 3516
550 255 623 289 l471.
657 277 694 279 (ἡ
726 254 865 289 l'RAGA
902 254 935 287 ll
969 253 1159 288 IANUARH
1192 253 1275 287 1561
1627 254 1673 287 65

97 388 181 415 nus
230 376 427 414 instaret.
459 386 547 425 quo
594 372 831 412 confitendi
882 372 1061 411 ‹laretur
1110 371 1312 417 facultas,
1343 374 1619 421 expectatum
1659 375 1723 411 est

96 443 270 490 tempus
298 441 583 490 oportunum,
607 450 694 489 quo
726 448 928 476 morosus
959 437 1120 487 hospes
1145 437 1333 484 abesset,
1357 438 1398 474 et
1428 436 1491 474 sic
1523 436 1725 475 infirmus

96 505 155 555 pij
189 504 393 553 desiderij
426 515 606 553 compos
635 503 818 541 effectus
847 504 925 540 est.
960 502 1191 541 Caeterum
1219 512 1300 540 nec
1328 502 1509 539 externa
1538 501 1726 539 charita-

99 570 154 609 tis
182 582 314 620 opera
345 569 538 619 segniter
570 568 736 607 nostris
766 567 980 618 proximis
1010 567 1342 617 impenduntur.
1376 566 1486 605 Nam
1508 569 1723 617 quantum

98 635 188 673 fieri
224 637 378 684 potest.
401 633 638 673 dominicis
667 645 717 671 ac
748 632 936 679 festinis,
961 632 1031 671 uel
1052 632 1232 683 quando
1253 631 1364 670 festa
1384 643 1475 670 non
1505 631 1723 680 incidunt,

98 698 300 749 mercurij
333 699 490 737 diebus
533 698 670 737 nostri
718 698 761 736 in
806 697 1057 736 carceribus
1100 696 1317 747 captiuos,
1350 696 1395 735 in
1426 696 1726 747 hospitalibus

98 775 328 815 pauperes,
364 766 402 802 et
443 764 621 813 passim,
655 763 729 802 ubi
766 764 1002 803 nonerunt.
1035 762 1251 808 infirmos.
1283 761 1463 808 adeunt,
1495 761 1728 800 consolan-

99 832 183 868 tur.
218 829 460 873 instruunt,
493 840 541 867 ac
575 828 722 878 petitis
750 827 1032 866 eleemosinis
1058 828 1268 866 recreant.
1300 826 1409 865 Nam
1441 826 1518 865 uni
1549 826 1727 877 captiuo

100 907 239 945 nuper
259 901 275 919 ²¹
307 906 329 932 a
360 894 549 944 quodam
586 900 738 944 margat*O
768 893 818 931 D.
854 892 1089 943 prandium
1133 894 1175 931 et
1217 903 1415 935 coenam,
1456 892 1595 931 donec
1638 904 1728 931 car-

98 971 193 998 cere
225 959 502 1005 liberaretur,
525 958 716 1008 alijsque
748 957 901 997 multis
930 969 1060 1008 saepe
1090 957 1317 1007 pecunias,
1341 957 1506 1007 quibus
1535 957 1658 996 cibos
1679 969 1729 996 ac

100 1027 245 1064 uestes
275 1026 484 1065 emerent.
517 1024 823 1074 impetrarunt.
856 1023 971 1062 Hinc
1000 1022 1054 1061 ad
1089 1022 1331 1073 hospitalia
1373 1022 1553 1073 saepius
1594 1034 1728 1073 quam

97 1090 226 1128 statis
256 1090 414 1129 diebus
444 1089 704 1135 innitamur,
736 1091 777 1128 et
820 1089 871 1127 ad
919 1099 1115 1127 carceres
1158 1099 1481 1138 nonnunquam
1518 1099 1731 1127 uocamur

101 1155 254 1195 literis.
287 1155 452 1205 quibus
481 1154 647 1205 captiui
680 1156 898 1194 testantur
927 1166 973 1193 se
1004 1155 1104 1204 post
1132 1153 1273 1192 Deum
1316 1153 1467 1193 nullos
1510 1153 1731 1193 fideliores

102 1223 311 1270 patronos
353 1220 559 1270 experiri⁷
592 1232 722 1270 quam
755 1231 830 1258 eos
860 1218 936 1270 qui
975 1220 1029 1258 de
1058 1218 1275 1258 Societate
1318 1218 1622 1259 nominantur.
1659 1218 1731 1259 Sic

99 1285 174 1335 alij
208 1285 420 1336 religiosi,
453 1285 633 1335 quando
663 1284 866 1323 subditos
911 1284 1087 1323 uinctos
1129 1283 1342 1325 detinent.
1375 1286 1553 1323 nostros
1591 1295 1732 1323 accer-

100 1353 219 1390 sunt.
253 1352 301 1389 ut
329 1362 404 1389 eos
434 1350 488 1388 ad
519 1349 833 1390 obedientiam.
866 1349 918 1388 ad
952 1349 1174 1399 pietatem,
1206 1350 1246 1387 et
1277 1349 1328 1387 ad
1354 1348 1371 1373 ¹¹
1403 1349 1628 1388 meliorem
1667 1348 1731 1388 ui-

101 1418 187 1454 tam
220 1416 456 1455 instituant
488 1418 529 1455 et
559 1415 864 1454 adhortentur.

179 1484 217 1520 ti.
253 1481 446 1520 Vtuntur
488 1481 621 1520 etiam
664 1493 797 1531 opera
827 1483 980 1520 nostra
1008 1480 1103 1519 suis
1134 1481 1179 1519 in
1211 1481 1342 1520 rebus
1372 1481 1597 1532 praecipui
1642 1483 1732 1520 tam

100 1547 336 1586 seculares.
369 1558 501 1598 quam
532 1546 834 1592 ecclesiastici,
868 1546 1074 1585 Boemiae
1113 1548 1324 1591 rectores;
1359 1559 1461 1586 nam
1504 1545 1734 1585 serenissi-

107 1623 203 1651 mus
234 1612 438 1663 princeps
469 1614 618 1651 noster
646 1612 735 1651 duo
765 1611 1033 1659 grauissima
1063 1611 1248 1662 negocia
1269 1620 1282 1637 ⁰
1311 1612 1375 1662 (ut
1403 1623 1517 1663 quae
1548 1611 1734 1650 minoris

100 1679 203 1715 sunt
236 1677 447 1716 momenti
491 1677 707 1726 omittam)
747 1676 875 1715 uobis
921 1676 1184 1727 perficienda
1226 1676 1534 1727 superioribus
1575 1676 1734 1716 diebus

101 1742 338 1793 imposuit:
372 1755 508 1782 unum
541 1745 630 1782 erat
664 1744 709 1781 ut
741 1753 1107 1793 componeremus
1132 1741 1482 1781 controuersiam
1504 1741 1734 1792 antiquam

101 1810 142 1846 et
172 1808 414 1853 difficilem.
447 1820 560 1859 quae
590 1808 705 1847 inter
736 1818 975 1858 pragenses
1000 1807 1220 1858 praelatos
1241 1819 1291 1846 ac
1311 1806 1585 1846 serenissimi
1617 1806 1735 1857 prin-

102 1873 215 1924 cipis
248 1873 508 1924 primarium
539 1873 812 1912 sacellanum
843 1872 897 1912 de
932 1873 1026 1912 iure
1067 1874 1328 1923 patronatus
1370 1872 1530 1919 extitit,
1562 1883 1642 1911 nec
1671 1883 1695 1910 a
1715 1869 1735 1897 ἀ

104 1938 214 1978 uiris
243 1939 410 1989 alioqui
444 1939 618 1990 magnis
648 1938 792 1989 potuit
822 1938 1075 1977 conciliari:
1108 1937 1218 1989 quin
1247 1949 1299 1977 eo
1328 1938 1516 1977 deducta
1556 1937 1654 1983 fuit,
1689 1938 1737 1976 ut

106 2016 191 2043 non
224 2004 369 2044 solum
399 2007 630 2055 appareret
659 2016 818 2043 causae
848 2003 1168 2049 controuersia,
1192 2003 1269 2043 sed
1289 2003 1420 2042 etiam
1444 2013 1734 2054 personarum

105 2071 357 2110 simultates
387 2072 427 2108 et
458 2069 794 2108 criminationes
823 2068 1113 2108 scandalosae
1137 2068 1344 2108 sereniss.
1370 2068 1584 2119 principis
1604 2070 1737 2118 atque

106 2136 295 2175 aliorum
329 2148 459 2175 aures
489 2135 777 2174 offenderent.
815 2135 974 2174 Verum
1018 2146 1094 2185 per
1127 2145 1235 2173 suos
1263 2145 1418 2173 seruos
1447 2132 1737 2185 quant[umli-

107 2203 178 2241 bet
199 2201 294 2253 inu]
327 2201 427 2241 tiles
449 2209 464 2227 Ε·
486 2201 536 2240 D.
562 2201 680 2240 Deus
709 2200 881 2239 efficere
910 2200 1122 2251 dignatus
1151 2201 1231 2243 est,
1256 2201 1303 2238 ut
1323 2210 1427 2250 pars
1449 2201 1635 2249 utraque
1666 2209 1738 2237 ue-

109 2267 279 2306 ritatem
326 2266 595 2317 intelligeret
624 2268 665 2305 et
701 2264 1095 2317 [amplecteretur]:
1128 2265 1238 2316 quin
1281 2264 1396 2304 tacto
1440 2262 1737 2304 contendendi

107 2332 208 2379 tine,
235 2332 426 2371 libenter
456 2332 501 2371 in
532 2333 734 2371 mutuam
764 2342 814 2370 ac
843 2330 1134 2370 christianam
1161 2329 1174 2355 f
1200 2330 1452 2369 animorum
1483 2328 1739 2368 reconcilia-

107 2398 272 2438 tionem
305 2397 650 2449 [consentirent;
693 2396 756 2448 ut]
802 2397 965 2435 factum
1010 2407 1106 2435 esse
1148 2396 1275 2435 docet
1317 2394 1605 2445 experientia,
1637 2404 1737 2432 cum

109 2464 196 2503 iam
231 2463 511 2502 familiariter
539 2464 875 2509 conuersentur,
907 2473 957 2500 ac
986 2461 1121 2500 simul
1155 2460 1417 2512 prandeant,
1460 2459 1569 2511 [qu]i
1608 2461 1739 2498 antea

108 2541 223 2576 raro,
256 2540 336 2568 nec
365 2528 462 2567 sine
492 2527 776 2567 contentione
805 2526 999 2578 colloqui
1029 2527 1370 2566 consueuerant.
1403 2525 1487 2564 Hic
1521 2524 1633 2564 alias
1658 2535 1739 2574 ego

108 2593 359 2633 simultates
388 2595 430 2632 et
459 2592 779 2639 dissensiones,
801 2603 914 2643 quas
944 2604 1021 2643 per
1049 2593 1227 2631 nostros
1255 2591 1409 2630 tollere
1434 2590 1646 2641 dignatus
1674 2591 1740 2628 est

110 2660 244 2706 Deus,
276 2671 411 2698 causa
440 2657 675 2698 breuitatis
703 2658 873 2698 omitto,
906 2657 1103 2696 Alterum
1138 2656 1370 2707 negocium
1414 2655 1533 2707 quod
1572 2653 1741 2705 praela-

110 2728 255 2765 torum
285 2736 336 2764 ac
355 2731 375 2758 g
403 2726 556 2764 nostra
585 2723 720 2763 simul
741 2735 874 2774 opera
895 2722 1042 2773 perfici
1065 2722 1211 2762 uoluit
1231 2720 1249 2747 ¹¹
1279 2721 1592 2761 serenissimus
1618 2719 1740 2770 prin-

168 2899 187 2917 a
209 2899 327 2931 nuper
359 2891 405 2921 in
438 2899 565 2930 marg.
602 2908 641 2911 —
674 2889 693 2915 b
723 2888 769 2920 ad
802 2897 929 2929 supra
963 2897 1066 2920 vers.
1094 2906 1133 2909 Ἀ
1157 2896 1172 2914 c
1192 2887 1278 2927 Seq.
1304 2896 1339 2918 v.
1365 2886 1437 2918 del.
1464 2904 1502 2907 —
1526 2885 1543 2911 d
1566 2894 1588 2916 a
1612 2892 1740 2925 supra

110 2952 212 2976 vers.
229 2962 269 2965 —
287 2952 302 2970 e
322 2943 403 2975 Hoc
420 2943 499 2975 Ioco
515 2944 550 2975 et
566 2943 611 2974 in
627 2942 757 2974 tribus
773 2951 850 2982 seq.
869 2941 989 2973 lineis
1011 2940 1194 2973 abscissa
1217 2941 1275 2972 est
1297 2940 1459 2972 chartae
1476 2948 1592 2980 pars.
1618 2937 1742 2969 l'erba

110 3005 212 3037 quae
248 2997 536 3029 desiderantur
567 2996 798 3037 supplemus
820 3004 868 3026 eoe
891 2994 1063 3035 exemplo
1086 2993 1130 3026 Β.
1155 3012 1195 3016 —-
1218 2994 1231 3020 f
1254 2993 1393 3025 Praec.
1418 3002 1453 3024 v.
1480 2992 1525 3023 in
1548 3000 1675 3031 marg.
1700 3008 1740 3012 —

111 3058 130 3083 ἕξ
150 3049 232 3082 Del.
257 3050 380 3082 simul.
405 3068 446 3072 -—
468 3049 488 3076 h
509 3049 631 3081 uoluit
652 3049 697 3080 in
722 3058 848 3089 marg.

185 3139 345 3166 er‘ri-:RAE
366 3138 642 3173 QUADRIMESTRES.
665 3154 695 3157 —
717 3137 797 3165 Tou.
821 3137 886 3163 Vll.
1654 3133 1671 3159 ι’)
