2099 3516
512 282 593 318 586.
622 303 661 307 —
691 281 872 318 COLONIA
898 281 921 316 4
947 279 1150 316 OCTOBRIS
1178 280 1265 316 1561
1577 279 1646 315 583

171 402 389 441 archidux
419 401 884 439 benevolentissimum
926 411 1019 438 sese
1048 400 1121 438 illi
1151 399 1355 446 ostendit,
1387 399 1427 437 et
1456 399 1695 437 catholicae

170 467 407 517 religionis
445 466 843 516 propugnatorem.
890 465 1131 513 Elwangae
1163 464 1212 502 de
1250 463 1513 502 reducendis
1542 463 1694 501 haere-

172 534 271 571 ticis
301 532 358 570 ad
396 532 623 570 ecclesiam
654 532 754 580 egit.
788 531 983 569 Fructus
1026 531 1284 568 contionum
1328 530 1485 567 Patris
1523 527 1696 566 Canisii

172 599 401 648 Augustae
429 597 688 636 habitarum
716 596 994 635 describitur.
1027 595 1300 645 Spiritualia
1330 595 1541 633 exercitia
1562 594 1697 632 multi

170 664 396 713 fructuose
421 662 719 712 peregerunt;
750 662 832 700 alii
863 650 914 699 ab
943 661 1012 698 his
1043 660 1293 699 abhorrent.
1326 659 1564 697 Auoeilium
1594 659 1696 696 reli-

169 729 310 778 giosis
337 727 592 766 hominibus
615 727 902 776 praestitum.
934 725 1089 764 Debita
1109 725 1360 763 reverentia
1389 726 1437 763 in
1467 736 1594 762 sacro
1617 735 1696 762 au-

172 793 330 832 diendo
374 793 647 831 restituitur.
693 793 887 830 Munera
916 792 955 829 et
976 803 1107 829 sacra
1135 790 1404 840 paramenta
1431 789 1695 838 offeruntur,

166 860 405 909 praecipue
436 870 463 896 a
492 858 632 896 nobili
661 858 831 906 femina
852 869 905 894 ex
928 857 1254 895 lutlieranismo
1286 867 1513 894 conversa.
1547 853 1696 903 Scrip-

173 924 267 962 tum
304 936 389 974 pro
433 923 651 972 religione
690 923 906 960 catholica
950 922 1070 971 apud
1118 933 1265 971 regem
1312 920 1489 959 Galliae
1533 920 1699 958 tuenda

170 989 332 1028 editur.
365 990 596 1038 Pauperes
635 987 943 1026 sublevantur.
985 986 1191 1035 Virgines
1222 987 1336 1024 duae
1362 986 1434 1035 pie
1464 985 1699 1023 institutae

171 1055 279 1093 aliis
309 1054 606 1093 admirationi
635 1053 755 1091 sunt.
788 1052 936 1090 Datur
966 1063 1100 1102 opera
1129 1052 1178 1089 ut
1209 1052 1294 1090 cluo
1327 1051 1490 1100 templa
1521 1050 1572 1088 ab
1601 1050 1700 1088 hae-

171 1120 321 1158 reticis
359 1119 607 1168 profanata
637 1118 675 1156 et
719 1117 970 1166 exspoliata
1001 1118 1048 1154 in
1089 1116 1343 1165 pristinmn
1372 1116 1542 1154 statum
1572 1115 1701 1153 resti-

173 1185 377 1223 tuantur.
430 1183 547 1222 Saoeo
581 1183 764 1232 quidam
808 1183 1014 1221 ecclesiae
1057 1183 1390 1220 reconciliatur.
1440 1182 1701 1231 Augustani

172 1251 286 1288 cives
315 1249 485 1288 nostris
518 1248 728 1287 libentius
755 1260 889 1297 quam
920 1248 1028 1285 aliis
1052 1248 1231 1297 peccata
1262 1247 1542 1296 confitentur.
1579 1246 1699 1284 Non-

172 1315 293 1354 nulli
322 1314 372 1353 de
402 1314 635 1353 Societatis
665 1314 847 1364 collegio
878 1313 1154 1351 instituendo
1185 1313 1395 1363 cogitant.
1435 1312 1623 1360 Quidam
1651 1312 1699 1350 ob

172 1379 223 1419 P.
258 1379 493 1418 Canisium
525 1379 782 1417 traductum
812 1390 985 1417 carcere
1015 1379 1254 1418 multatur.

829 1589 941 1639 586

447 1731 855 1782 HENRICUS
928 1731 1331 1781 SOMALIUS

567 1869 741 1895 GOLONIA
768 1860 790 1895 4
816 1868 1013 1895 OCTOBRIS
1042 1858 1128 1894 1561
1159 1859 1183 1894 1.

70 1979 188 2019 Socii
235 1982 304 2028 55,
354 1982 401 2019 in
449 1980 608 2030 quibus
656 1980 904 2019 sacerdotes
961 1982 1024 2028 11,
1077 1980 1258 2018 lectores
1296 1981 1362 2026 13,
1411 1979 1704 2028 promovendi

178 2045 235 2083 ad
280 2046 596 2095 magisterium
621 2046 722 2095 post
767 2047 856 2084 tres
901 2057 1086 2093 menses,
1121 2047 1158 2083 7.
1191 2045 1375 2083 Artium
1419 2057 1520 2083 vero
1552 2044 1702 2083 bacca-

177 2111 324 2150 laurei
349 2111 607 2160 propediem
628 2112 789 2160 futuri,
813 2112 854 2149 8.
887 2111 1069 2160 Reliqui
1090 2111 1155 2149 vel
1186 2111 1431 2149 rhetoricae
1451 2110 1518 2148 vel
1547 2110 1706 2148 huma-

176 2177 249 2214 nis
290 2176 454 2214 litteris
483 2177 675 2223 student,
709 2176 868 2226 quibus
897 2178 924 2214 4
957 2176 1062 2214 laici
1107 2176 1438 2223 adiungimtur.
1472 2174 1706 2214 Sociorum

175 2242 372 2291 exemplo
404 2242 487 2280 alii
518 2242 574 2280 ad
604 2242 863 2291 religiosam
891 2242 1208 2291 perfectionem
1239 2241 1507 2279 incitantur.
1540 2240 1705 2279 Novem

177 2306 480 2345 adulescentes
510 2319 660 2345 recens
705 2307 894 2345 admissi
924 2307 1100 2345 suntin
1132 2306 1419 2356 Societatem;
1449 2318 1558 2355 quos
1587 2306 1707 2344 inter

174 2372 226 2410 P.
258 2371 494 2410 Francisci
527 2371 695 2411 Costeri
737 2372 1048 2416 consobrinus.
1081 2373 1121 2410 et
1151 2372 1336 2421 quidam
1379 2372 1599 2410 sacerdos.
1632 2370 1706 2411 So-

177 2438 350 2476 ciorum
376 2439 664 2476 mutationes.
701 2438 750 2476 P.
785 2438 1053 2476 Lambertus
1083 2438 1205 2475 Auer
1234 2438 1493 2487 moguntini
1532 2437 1707 2487 collegii

177 2503 320 2541 rector
363 2504 647 2542 constitutus.
682 2504 942 2554 Martyrum
969 2515 1070 2541 ossa
1101 2504 1139 2542 et
1171 2503 1314 2541 decem
1353 2503 1532 2552 integra
1561 2503 1708 2552 capita

182 2568 377 2606 Treviris
407 2569 455 2606 in*
498 2569 747 2607 coloniense
792 2569 1029 2619 collegium
1060 2569 1306 2618 asportata.
1359 2567 1594 2606 Contiones
1623 2567 1707 2616 fre-

178 2633 360 2683 quentes
389 2634 428 2671 et
450 2634 708 2683 fructuosae
739 2646 762 2672 a
789 2634 842 2672 P.
868 2634 1060 2672 Henrico
1090 2635 1308 2684 Dionysio
1337 2633 1570 2671 habentur.
1598 2632 1707 2671 Con-

178 2698 365 2737 victores
396 2701 450 2737 50
482 2711 508 2737 a
538 2699 760 2748 fratribus
790 2700 989 2749 separati
1020 2701 1191 2738 vivunt.
1230 2699 1558 2748 Quadringenti
1587 2698 1707 2737 scho-

180 2764 330 2803 lastici
359 2766 533 2803 externi
563 2765 738 2803 scholas
776 2766 1078 2815 frequentant.
1114 2764 1290 2804 Civium
1321 2766 1466 2803 animi
1496 2776 1603 2813 erga
1631 2775 1705 2802 so-

179 2830 269 2867 cios
293 2831 610 2879 propensiores
639 2830 768 2879 fiunt.

135 2964 146 2982 ¹
169 2964 324 3005 Autogr.
349 2963 389 2996 in
422 2964 503 2996 cod.
533 2963 661 2996 Germ.
686 2964 770 2999 139,
795 2964 819 2997 f.
846 2965 926 2999 100:
952 2965 1057 3006 prius
1082 2965 1138 2996 181
1164 2965 1264 3005 (165).
1290 2964 1377 2996 Eam
1401 2963 1519 2995 edidit
1543 2962 1706 3003 HANSEN,

72 3016 96 3049 l.
121 3025 151 3049 c.
176 3025 212 3058 p.
235 3017 373 3049 406-407
396 3017 484 3058 (no.
509 3018 597 3058 280).
623 3017 676 3049 Ob
700 3026 781 3049 eam
804 3027 891 3056 rem,
928 3018 964 3050 et
987 3018 1078 3059 quia
1112 3018 1240 3059 aliqua
1264 3017 1485 3058 repetuntur
1522 3017 1562 3048 in
1596 3016 1705 3058 epist.

73 3069 133 3102 die
155 3070 195 3102 26
217 3069 433 3103 Novembris
456 3071 556 3110 data,
581 3071 824 3103 omittendam
855 3071 1045 3104 duximus.
