2099 3516
455 270 535 306 570.
562 291 604 296 —
631 269 875 306 VINDOBONA
903 270 920 305 1
950 269 1205 306 SEPTEMBRIS
1235 269 1321 305 1561
1589 270 1659 306 513

157 389 223 429 54.
256 388 346 440 Alij
390 388 522 428 etiam
566 388 627 439 pij
673 387 970 439 poenitentiae
1012 388 1337 435 obseruatores,
1379 388 1704 427 ahsolutionem

77 454 341 505 consequuti
383 454 764 500 sacramentalem,
795 452 1115 493 confessarium
1150 453 1262 491 vltro
1293 452 1499 492 adierunt
1537 453 1590 491 de
1621 465 1707 492 me-

77 519 165 570 dijS
193 519 249 558 ad
278 519 465 558 salutem
496 518 829 569 adipiscendam
858 518 1302 557 conuenientioribus
1329 518 1592 558 consulturi.
1616 518 1704 568 Alij

77 584 192 624 serio
221 583 275 623 de
305 583 664 623 restitutionibus
693 583 959 635 quibusdam
985 582 1264 633 perficiendis
1285 585 1483 633 egerunt.
1513 583 1602 634 Alij
1635 595 1704 631 ne,

77 648 201 688 fictili
235 649 352 700 quod
398 650 626 699 portamus
669 649 816 688 oleum
859 648 1044 698 spiritus
1075 647 1121 686 in
1152 648 1351 693 uasculo,
1383 648 1613 695 deficeret;
1646 648 1708 687 ita

76 715 177 765 post
218 715 467 764 susceptam
511 713 714 764 gratiam,
760 724 992 763 nouaeque
1036 712 1147 764 legis
1183 714 1525 761 sacramentum,
1574 713 1707 752 vitam

76 779 123 818 in
154 779 312 819 melius
354 781 699 827 commutarunt,
732 780 780 818 ut
810 778 1041 817 mensibus
1084 778 1292 829 singulis,
1326 789 1376 817 ac
1421 778 1611 817 maxime
1641 790 1708 817 50-

75 844 368 884 lemnioribus
397 843 514 884 S.1¹¹²²‘²
545 844 743 895 Virginis
772 843 910 882 totius
941 842 1036 894 [sic]
1070 843 1410 891 festiuitatibus,
1442 843 1558 882 idem
1593 843 1707 883 salu·

76 908 333 956 berrimum‚
365 920 415 948 ac
459 909 687 948 medendis
730 908 905 947 animae
950 907 1079 947 malis
1123 907 1356 958 optimum,
1403 907 1708 958 praesentissi-

76 985 286 1024 mumque
333 974 573 1013 remedium
620 973 884 1013 iubentis.me
934 985 980 1012 se
1028 973 1302 1023 reposituros
1354 973 1705 1020 affirmauerint3

74 1038 194 1090 quod
222 1050 298 1078 eos
327 1038 468 1078 facere
498 1039 668 1089 cepisse
698 1037 916 1083 alacriter,
949 1039 1137 1077 constat.

153 1104 219 1144 55.
253 1104 354 1143 Fuit
374 1104 489 1143 inter
516 1104 599 1143 hos
619 1103 816 1155 quidam,
840 1115 865 1141 a
886 1102 1172 1153 turpissimae
1198 1103 1334 1145 necis,
1358 1103 1411 1142 de
1432 1110 1448 1129 ³
1469 1103 1704 1155 uxoricidij

74 1169 423 1220 cogitationibus
467 1168 774 1219 frequentibus
804 1180 881 1219 per
909 1168 1251 1211 confessionem,
1285 1168 1416 1208 Chro.
1448 1168 1560 1209 Dno.
1592 1169 1705 1217 laus,

75 1235 323 1275 reuocatus
356 1233 544 1284 Quidam
577 1245 694 1281 vero,
718 1233 871 1272 eodem
902 1233 1037 1272 ariete
1067 1233 1343 1284 euangelico,
1367 1246 1418 1272 eo
1450 1234 1519 1284 pie
1550 1234 1709 1284 impul—

74 1311 166 1347 sus,
212 1301 259 1339 ut
302 1300 474 1339 cuidam
519 1300 736 1351 quantum
780 1298 984 1349 suspicor
1032 1298 1195 1349 virgini
1240 1299 1388 1338 datam
1434 1299 1706 1350 matrimonij

74 1364 220 1413 fidem,
252 1367 515 1405 asseruaret.

152 1429 218 1470 56.
251 1429 412 1469 Eodem
436 1429 628 1469 remedio
658 1441 767 1468 usus
796 1429 978 1479 quidam
1009 1429 1281 1468 obstinatam
1312 1429 1532 1469 vindictae
1554 1429 1710 1469 volun-

74 1496 223 1543 tatem,
256 1506 344 1545 qua
374 1495 679 1534 aduersarium
711 1506 734 1533 a
765 1506 854 1545 quo
885 1494 1043 1533 laetale
1080 1494 1244 1533 vulnus
1288 1497 1515 1545 acceperat
1559 1494 1709 1534 viuere

73 1560 267 1607 nolebat,
301 1560 370 1611 pie
400 1560 619 1611 deposuit.
645 1561 688 1599 15
717 1572 816 1600 cum
851 1560 939 1599 vita
971 1560 1073 1605 fere,
1098 1562 1146 1599 ut
1177 1561 1360 1599 medicis
1392 1560 1656 1613 [videbatur]
1690 1560 1708 1586 ¹³

73 1625 231 1665 fuisset
251 1633 265 1652 ⁶
300 1626 564 1673 destitutus;
598 1625 763 1665 illinito
794 1625 908 1664 cirea
940 1628 1138 1676 tempora
1168 1637 1244 1675 per
1274 1626 1496 1676 quendam
1527 1638 1579 1665 ex
1609 1638 1708 1665 nos-

73 1690 154 1730 tris
196 1693 334 1739 aceto,
366 1703 392 1730 a
436 1693 574 1730 morte
612 1693 678 1730 est
707 1690 837 1742 quasi
882 1692 1130 1730 reuocatus.
1165 1690 1406 1730 Confessus
1435 1693 1500 1730 est
1530 1691 1704 1730 tandem

72 1755 162 1803 ille,
195 1758 242 1795 ut
287 1756 446 1795 melius
479 1756 635 1807 potuit,
667 1755 870 1806 deposita
902 1755 1123 1795 vindictae
1152 1756 1390 1803 anxietate,
1424 1767 1489 1805 ac,
1521 1768 1572 1795 60
1602 1758 1709 1795 teni-

72 1832 175 1872 pore
204 1820 424 1872 singulari
456 1821 648 1872 quadam
680 1821 855 1871 pietate,
891 1820 1119 1871 religione,
1153 1823 1285 1872 atque
1329 1821 1452 1861 cultu
1498 1821 1706 1872 percitus,

71 1886 471 1938 peregrinationem
513 1886 629 1926 &mae
669 1886 868 1937 Virginis
912 1886 965 1925 ad
1011 1886 1155 1937 ipsius
1200 1886 1384 1925 domum
1430 1887 1707 1926 lauretanam

71 1959 179 2003 pure
209 1963 259 1991 ac
288 1954 445 2003 sponte
477 1952 616 1992 uouit.
642 1951 843 1991 Mirabile
874 1952 1010 1998 dictu,
1034 1963 1135 1991 cum
1167 1952 1427 1991 demortuus
1457 1953 1709 1992 crederetur

72 2017 161 2062 1116,
193 2017 378 2068 eiusque
420 2017 616 2057 animam
646 2017 736 2057 Deo
783 2029 857 2068 per
899 2017 1165 2056 sacrificium
1199 2018 1362 2057 missae
1406 2018 1707 2057 confessarius

68 2082 192 2121 illius
221 2082 589 2129 commendasset,
620 2082 884 2122 breuissimo
916 2082 1127 2132 temporis
1157 2082 1318 2133 spatio,
1342 2094 1433 2121 non
1463 2083 1573 2122 citra
1607 2094 1708 2122 nos-

69 2148 239 2186 trorum
277 2147 633 2194 admirationem,
666 2147 721 2186 ad
751 2147 927 2198 collegij
962 2146 1077 2186 sores
1109 2147 1272 2198 pulsat,
1305 2147 1486 2186 sanitati
1533 2147 1708 2187 restitu-

71 2213 166 2259 tus;
199 2214 345 2263 atque,
375 2222 474 2251 cum
506 2212 692 2251 honesta
724 2212 887 2263 pariter
916 2224 965 2251 ac
997 2213 1067 2262 pia
1101 2224 1238 2252 uxore
1268 2215 1450 2263 paratus
1481 2213 1536 2252 ad
1566 2213 1708 2253 laure-

69 2279 226 2316 tanum
269 2277 366 2323 iter,
402 2279 641 2328 votumque
671 2277 761 2316 Deo
792 2279 830 2316 et
864 2277 992 2316 Matri
1038 2278 1327 2325 reddendum,
1366 2280 1602 2328 Vtrumque
1640 2290 1708 2318 sa-

70 2343 360 2389 cramentum,
411 2341 710 2392 poenitentiae
757 2344 798 2381 et
845 2342 1156 2384 eucharistiae.
1209 2342 1369 2382 iterum
1419 2355 1496 2393 pro
1545 2343 1707 2382 viatico

70 2407 229 2446 deuote
272 2407 482 2457 suscepit,
529 2407 886 2458 christianaeque
930 2408 1162 2447 charitatis
1205 2408 1366 2458 spiritu
1410 2409 1493 2448 hac
1536 2409 1707 2448 ratione

70 2472 373 2519 confirmatus,
394 2472 612 2523 sequenti,
637 2472 682 2511 ni
705 2473 850 2519 fallor,
869 2473 955 2519 die,
974 2473 1079 2512 hinc
1106 2473 1344 2513 Lauretum
1372 2476 1438 2513 est
1468 2474 1704 2525 profectus.

151 2536 360 2588 Superest
403 2537 507 2581 13111.
554 2537 605 2577 R.
651 2538 888 2578 admodum
934 2550 985 2578 ac
1028 2539 1158 2578 nobis
1210 2550 1383 2589 semper
1429 2540 1707 2579 obseruande

70 2602 115 2641 in
147 2601 277 2642 Chro.
311 2603 373 2650 Ρ.,
407 2605 453 2642 111
484 2602 736 2642 humillime
780 2615 1040 2643 communes
1071 2604 1253 2643 Patrum
1298 2604 1343 2642 in
1375 2603 1505 2643 Chro.
1538 2616 1588 2643 ac
1623 2604 1707 2643 fra-

70 2668 187 2707 trum
210 2669 465 2707 nostrorum
496 2667 721 2707 orationes
741 2670 784 2707 et
809 2668 1027 2707 sacrificia
1058 2668 1358 2719 frequentiora
1391 2681 1468 2719 pro
1498 2669 1580 2708 hac
1602 2669 1703 2708 Dni.

70 2731 267 2772 Sabaoth
313 2733 440 2772 vinea
470 2745 494 2771 a
525 2732 572 2772 T.
606 2733 657 2772 R.
693 2733 739 2773 P.
774 2736 991 2784 petamus,
1042 2734 1162 2785 quod
1206 2736 1247 2773 et
1292 2734 1481 2773 facimus
1529 2734 1705 2774 obnixe.

70 2798 210 2838 Dnus.
245 2799 420 2847 IHEsvs,
452 2798 582 2838 cuius
625 2810 781 2839 sumus
825 2799 944 2839 serui
978 2800 1283 2850 vndecumque
1314 2800 1504 2851 indigni,
1537 2800 1583 2839 in
1615 2800 1707 2851 glo-

130 2989 149 3008 a
170 2990 209 3013 se
232 2991 304 3013 ms.
329 3000 368 3003 —
392 2981 410 3007 b
431 2981 512 3013 Hoc
536 2983 608 3013 ant
631 2982 764 3015 simile
787 2982 891 3015 verb.
911 2982 1140 3015 desiderari
1162 2983 1324 3015 videtur
1346 2983 1391 3014 sin
1417 2992 1486 3015 ms.
1519 3002 1557 3005 —
1581 2991 1595 3009 e
1616 2983 1706 3015 fuis-

69 3042 109 3065 se
132 3043 204 3066 ms.

141 3128 301 3157 LITTERAE
322 3129 600 3164 Quanmmzs‘rnns.
622 3146 655 3150 —
675 3130 754 3158 Tom.
776 3130 833 3157 VII
1600 3130 1634 3158 33
