2099 3516
543 262 623 298 549.
654 283 696 287 —
723 261 864 296 EBORA
891 259 936 294 026
963 259 1148 294 AUGUSTI
1177 257 1264 293 1561
1606 256 1676 291 403

96 384 261 436 quibus
291 394 408 422 unus
436 393 459 421 e
490 380 654 420 nostris
697 378 964 419 assertiones
993 376 1210 428 quasdam
1239 376 1462 421 tuebatur,
1508 374 1723 413 condisci-

98 448 215 500 pulis
244 449 286 487 et
315 446 571 486 doctoribus
599 444 775 484 easdem
806 441 1175 493 impugnantibus
1205 439 1315 492 [sic].
1350 440 1501 490 ltaque
1545 440 1726 478 secutus

96 512 366 552 medicorum
386 509 623 550 consilium
653 507 816 558 recepit
844 518 891 546 se
920 505 1276 557 Olyssipponem‚
1295 504 1371 543 ubi
1392 503 1534 554 coepit
1564 502 1727 541 melius

96 577 279 623 habere;
312 575 417 614 hinc
446 574 606 613 iterum
649 575 715 612 est
758 571 991 611 inuisurus
1034 570 1118 609 hoc
1161 570 1363 608 nostrum
1398 567 1650 617 collegium,
1682 567 1726 605 et

96 653 198 680 mox
227 640 273 679 in
317 639 580 690 Hispaniam
609 637 856 678 citeriorem
900 635 1194 674 discessurus.
1235 633 1335 684 Egit
1364 645 1417 672 ex
1446 631 1585 671 animi
1628 642 1725 670 sen-

96 705 235 746 tentia
262 717 361 744 cum
393 703 628 744 Cardinale
657 703 710 742 de
740 702 811 741 his
840 712 954 752 quae
983 700 1037 739 ad
1069 699 1185 738 hanc
1214 697 1485 738 academiam
1507 697 1724 747 spectant,

95 782 228 822 quam
271 781 372 809 cum
401 769 541 808 eidem
585 767 880 819 significasset
922 765 1008 804 sibi
1052 775 1318 815 magnopere
1366 762 1602 813 placuisse,
1649 760 1725 800 uix

95 835 182 875 dici
212 836 370 886 potest,
402 836 614 885 quantam
645 832 720 872 ille
749 830 913 882 ceperit
941 829 1092 869 animo
1122 828 1412 879 uoluptatem.

175 901 213 940 3.
248 899 408 939 Paucis
450 900 552 938 ante
581 898 738 937 diebus
781 897 837 935 ab
880 896 1076 935 aduentu
1117 894 1163 933 P.
1197 892 1383 940 Natalis,
1428 893 1728 943 peruenerunt

97 966 142 1005 in
172 967 374 1005 nostrum
403 963 639 1015 collegium
671 963 741 1002 Pr.
776 961 930 1001 Tonda
960 963 989 1009 1,
1021 962 1063 1000 et
1092 961 1180 999 tres
1211 959 1383 1005 fratres,
1415 957 1492 1008 qui
1521 969 1544 996 e
1573 956 1726 996 Sicilia

98 1030 221 1070 missi
253 1030 450 1076 fuerant;
500 1039 654 1068 omnes
684 1027 861 1077 quidem
894 1037 1104 1077 prospera
1133 1023 1391 1064 ualetudine
1422 1024 1594 1073 praeter
1637 1021 1726 1061 Sci-

97 1097 288 1147 pionem,
320 1095 397 1147 qui
427 1106 480 1134 ex
509 1094 704 1145 podraga
736 1092 830 1144 [sic]
862 1092 1049 1131 laborat.
1084 1091 1126 1130 Is
1155 1093 1197 1129 et
1226 1089 1412 1129 Michael
1458 1087 1582 1127 missi
1621 1088 1728 1126 sunt

96 1161 462 1212 Olyssipponem;
495 1159 566 1198 Pr.
598 1170 705 1197 uero
736 1157 907 1204 Tonda,
938 1158 980 1195 et
1010 1156 1061 1195 fr.
1093 1154 1357 1195 Vincentius
1396 1165 1558 1204 magno
1587 1152 1727 1191 animi

96 1226 251 1266 ardore
271 1225 592 1276 expeditionem
617 1223 808 1262 indicam
841 1223 1122 1273 expectantes
1160 1220 1207 1259 in
1227 1220 1311 1259 hoc
1331 1218 1518 1269 collegio
1548 1217 1727 1256 interim

95 1292 275 1342 degunt.
309 1290 431 1330 Missi
462 1291 567 1329 sunt
595 1288 727 1328 etiam
758 1288 845 1327 huc
865 1294 883 1313 a
913 1285 1195 1327 Conimbrica
1224 1284 1442 1336 Rogerius
1473 1283 1609 1322 italus
1637 1283 1652 1306 2
1674 1293 1727 1320 ex

97 1356 250 1395 morbo
271 1355 417 1395 adhuc
438 1353 679 1405 languidus
708 1351 1050 1393 conualescendi
1081 1351 1247 1402 gratia;
1271 1352 1312 1390 et
1332 1348 1546 1388 Emanuel
1568 1348 1724 1398 LopeZ‚

98 1424 146 1461 ut
177 1421 223 1460 in
254 1419 488 1472 gymnasio
519 1418 805 1458 elementario
835 1418 1161 1468 praeceptorem
1193 1417 1342 1467 ageret
1362 1415 1409 1454 in
1438 1414 1599 1454 litteris
1627 1412 1731 1453 deli-

96 1486 296 1526 neandis.
328 1485 473 1536 Atque
502 1485 611 1524 haec
641 1483 736 1523 sola
766 1482 953 1522 mutatio
983 1483 1098 1521 tacta
1127 1483 1192 1521 est
1222 1481 1269 1520 in
1299 1482 1451 1520 nostro
1480 1479 1668 1530 collegio
1703 1489 1728 1517 a

99 1550 332 1603 postremis
361 1549 545 1597 litteris3
578 1560 735 1589 sumus
764 1550 911 1588 autem
942 1547 1175 1598 sexaginta
1202 1548 1244 1585 et
1277 1547 1457 1596 septem.

173 1617 212 1656 4.
246 1616 497 1667 Antequam
520 1615 589 1654 Pr.
613 1614 784 1654 Natalis
813 1613 1155 1664 Olyssipponem
1188 1611 1553 1662 proficisceretur,
1573 1609 1726 1649 exhor-

97 1681 343 1721 tationibus
386 1680 599 1720 excitauit
645 1691 799 1719 omnes
843 1679 898 1718 ad
943 1678 1133 1717 maiores
1163 1677 1206 1716 in
1254 1677 1418 1716 uirtute
1469 1685 1729 1726 progressus

97 1747 338 1793 faciendos,
384 1746 467 1786 hoc
497 1745 753 1796 praesertim
799 1746 1009 1795 tempore,
1041 1755 1129 1794 quo
1172 1743 1228 1782 ab
1270 1742 1433 1793 studijs
1480 1740 1728 1780 litterarum

96 1812 235 1852 otium
266 1814 360 1851 erat
389 1812 609 1857 futurum3
655 1809 975 1861 proposuitque
1022 1808 1274 1859 catalogum
1319 1805 1726 1852 mortificationum⁷

98 1879 145 1917 ut
174 1876 277 1916 inde
307 1876 617 1927 unusquisque
647 1875 843 1926 eligeret,
875 1886 988 1925 quae
1018 1873 1103 1913 sibi
1135 1873 1182 1912 in
1211 1873 1403 1912 Domino
1452 1871 1594 1922 magis
1641 1870 1729 1921 pla-

97 1943 258 1981 cerent.
282 1940 547 1992 Quanquam
578 1952 684 1980 uero
705 1940 862 1979 fratres
884 1939 998 1978 hanc
1019 1938 1229 1978 feriarum
1259 1937 1533 1977 occasionem
1557 1947 1730 1986 semper

97 2008 337 2058 expectent,
371 2008 419 2046 ut
448 2018 494 2045 se
524 2006 571 2045 in
600 2005 826 2045 similibus
858 2005 988 2044 rebus
1017 2006 1262 2051 exerceant,
1312 2005 1460 2042 tamen
1491 2002 1612 2041 hisce
1655 2001 1729 2040 ad-

97 2071 437 2118 monitionibus,
469 2071 594 2111 uelut
622 2070 871 2111 calcaribus
901 2069 1186 2121 quibusdam,
1218 2069 1451 2108 accedente
1473 2066 1541 2107 X.i
1568 2066 1726 2118 gratia,

97 2137 308 2176 maiorem
339 2136 385 2176 in
415 2137 596 2176 modum
626 2138 731 2176 sunt
760 2135 1037 2183 inflammati,
1070 2137 1201 2186 atque
1232 2134 1291 2174 ita
1322 2133 1519 2174 certatim
1567 2143 1729 2183 magna

96 2202 380 2242 contentione
428 2204 597 2252 petunt,
649 2203 695 2241 ut
738 2201 988 2240 humilibus
1035 2200 1316 2240 destinentur
1363 2198 1641 2249 ministeriis.
1687 2198 1730 2236 et

97 2267 329 2307 nonnullis
358 2267 629 2314 conceditur,
676 2268 723 2306 ut
753 2266 939 2316 emptori
984 2265 1199 2312 seruiant,
1245 2267 1377 2316 atque
1407 2264 1463 2303 ab
1492 2276 1543 2303 eo
1581 2264 1729 2313 empta

98 2332 144 2371 in
173 2332 409 2383 collegium
441 2331 640 2371 hum-eris
669 2331 884 2370 baiulent.
927 2330 1017 2381 Alij
1049 2342 1095 2369 se
1125 2330 1181 2369 ad
1210 2329 1464 2381 spiritualia
1494 2327 1729 2368 Societatis

96 2396 304 2436 exercitia
324 2396 563 2448 colligunt3
587 2396 663 2447 alij
686 2396 1048 2447 peregrinantum
1072 2395 1148 2446 alij
1172 2394 1219 2434 in
1235 2394 1504 2434 recreatione
1524 2392 1730 2444 publicas

98 2462 464 2513 reprehensiones
494 2461 755 2512 impetrant3
805 2461 880 2512 alij
914 2473 960 2500 se
991 2461 1107 2500 ultro
1138 2459 1314 2511 publice
1342 2459 1493 2510 flagris
1523 2458 1728 2498 caedunt.

97 2526 248 2578 Neque
276 2527 452 2575 desunt,
484 2527 561 2578 qui
591 2527 786 2566 secundo
816 2538 993 2577 quoque
1022 2525 1093 2565 die
1122 2525 1177 2564 ad
1209 2524 1442 2564 minimum
1474 2523 1730 2564 deseruiant

160 2695 178 2713 a
199 2686 272 2718 huc
295 2695 422 2727 supra
445 2695 547 2719 vers.

163 2836 171 2852 ¹
194 2833 287 2866 Vide
314 2844 348 2875 p.
375 2835 444 2867 199.

160 2890 171 2906 ²
194 2887 262 2920 Hic
286 2888 379 2920 solet
401 2888 475 2920 dici
510 2888 692 2930 Rogerius
726 2888 853 2927 italus
878 2888 1104 2920 mutinensis
1138 2888 1357 2929 (modones).
1382 2888 1422 2920 In
1454 2888 1622 2930 catalogo
1646 2888 1726 2920 coll.

98 2940 405 2973 conimbricensis
438 2942 528 2973 anni
554 2942 634 2974 1559
667 2941 768 2982 (Cod.
800 2941 897 2974 Lus.
921 2941 984 2981 43,
1009 2941 1032 2973 f.
1060 2942 1132 2982 107)
1155 2942 1294 2974 dicitur
1316 2942 1359 2974 R.
1385 2942 1569 2983 Spacinus
1599 2941 1726 2974 italus.

98 2994 216 3026 Medio
239 3003 337 3026 anno
372 2995 452 3026 1562
484 2995 664 3027 remissus
687 2996 743 3027 est
777 2995 816 3027 in
840 2995 1012 3036 patriam.
1048 2995 1100 3028 Cf.
1124 2995 1271 3027 Laim'i
1303 2995 1479 3028 Monam.
1504 2994 1564 3034 VI,
1595 2995 1667 3034 367,
1692 2996 1729 3027 et

98 3047 177 3079 loca
200 3047 253 3079 ibi
280 3047 397 3080 citata
420 3048 490 3079 sub
514 3057 602 3080 voce
626 3051 791 3087 Rogerius
812 3052 1021 3081 mutinensis.
