2099 3516
368 250 437 285 646
838 249 1041 285 LITTERAE
1079 250 1422 294 QUADRJMESTRES

1075 444 1187 491 600

650 582 1060 632 FRANCISCUS
1110 581 1198 631 DE
1247 581 1635 631 MONCLARO

795 730 1042 755 CONIMBRICA
1072 719 1085 754 1
1118 728 1305 754 IANUARH
1333 718 1423 754 1560).
1449 719 1471 754 1.

325 843 362 878 1.
394 839 624 878 Sociorum
654 840 873 878 valetudo.
908 839 1146 877 Numerus.
1175 838 1403 887 Reliyiosa
1433 838 1686 887 disciplina.
1711 859 1760 863 —
1791 840 1832 875 2.
1853 837 1941 875 Pa-

434 905 518 942 tris
538 904 688 942 Nadal
717 905 1024 942 ordinationes
1053 905 1101 941 in
1130 915 1264 941 usum
1286 903 1580 941 deducuntur.
1601 903 1944 940 Exhortationes

433 969 473 1006 et
515 969 773 1007 collationes
819 970 868 1006 de
911 969 1039 1007 rebus
1085 967 1401 1017 spiritualibus
1446 967 1677 1006 habentur.
1730 968 1945 1005 Tironuin

433 1045 664 1071 numerus.
709 1034 958 1072 Institutio.
990 1054 1039 1058 —
1070 1036 1111 1070 3.
1140 1032 1299 1070 Preces
1322 1044 1407 1081 pro
1451 1031 1677 1081 aliquibus
1710 1032 1943 1069 necessita-

437 1098 566 1136 tibus.
602 1120 648 1124 —
676 1102 719 1136 4.
751 1097 867 1137 Socii
910 1098 1000 1136 alio
1030 1099 1174 1135 inissi.
1219 1097 1429 1146 Epistula
1466 1109 1620 1134 eorum
1651 1097 1727 1145 qui
1754 1096 1946 1145 Brigan—

438 1163 547 1201 tiam
576 1164 705 1201 niissi
733 1165 853 1201 sunt.
877 1185 926 1188 —
956 1167 998 1200 5.
1028 1163 1256 1212 Frequens
1286 1174 1529 1199 concursus
1559 1161 1617 1199 ad
1644 1161 1947 1210 paenitentiae

436 1228 782 1265 sacramentum.
827 1228 1080 1265 Peccatoris
1106 1238 1245 1276 paene
1288 1226 1510 1275 desperati
1551 1226 1792 1263 conversio.
1825 1246 1873 1249 —
1905 1227 1946 1261 6.

436 1292 537 1329 Pam
578 1293 697 1330 inter
739 1293 958 1330 moniales
1000 1291 1291 1340 componitur,
1323 1291 1361 1328 et
1404 1290 1640 1339 religiosae
1664 1289 1948 1339 perfectionis

438 1368 566 1394 amor
607 1358 910 1395 instauratio:
943 1379 989 1382 —
1024 1360 1114 1394 '7-8.
1157 1356 1266 1393 Acta
1308 1357 1356 1393 in
1399 1356 1560 1393 vicinis
1603 1354 1790 1404 oppidis.
1826 1375 1876 1379 —
1906 1356 1947 1391 9.

443 1420 625 1471 Colleyii
669 1423 1008 1460 contionatores.
1042 1443 1090 1446 —
1119 1424 1188 1458 10.
1223 1420 1438 1458 Caritatis
1468 1419 1609 1466 officia
1637 1431 1744 1468 erya
1773 1431 1844 1456 eos
1874 1418 1950 1467 qui·

438 1487 487 1523 in
517 1498 688 1524 carcere
718 1486 985 1524 detinentur.
1010 1507 1059 1511 —
1083 1489 1146 1523 11.
1169 1486 1435 1534 Principum
1456 1484 1769 1522 benevolentia.
1790 1484 1950 1521 Haere-

441 1551 559 1588 ditas
588 1552 792 1589 recusata
822 1563 1033 1600 magnam
1056 1552 1187 1588 sociis
1216 1550 1594 1587 existimationem
1617 1549 1756 1598 parit.
1781 1547 1951 1585 Nobilis

440 1616 608 1664 semina
638 1617 685 1654 in
707 1616 871 1654 virtute
890 1616 1197 1664 confirmatur.
1221 1615 1319 1652 Pax
1340 1615 1457 1652 inter
1477 1615 1661 1662 coniuge
1680 1613 1948 1651 stsabilitur.

441 1702 491 1706 —
519 1685 588 1719 12.
620 1681 733 1719 Novi
763 1681 914 1730 templi
949 1680 1208 1728 aedificatio.
1240 1701 1287 1705 —
1317 1683 1386 1717 13.
1421 1679 1684 1718 Studiorum
1720 1679 1951 1716 instaura-

444 1747 517 1784 tio.
551 1745 920 1785 Scholasticorum
954 1757 1183 1793 numerus,
1213 1745 1453 1791 institutio,
1478 1756 1636 1781 mores.
1674 1742 1952 1781 Convictores

441 1813 675 1860 praecipue
707 1811 967 1849 laudantur.
999 1811 1212 1859 Magistri
1244 1822 1269 1847 a
1299 1809 1534 1858 discipulis
1565 1809 1793 1847 amantur.
1830 1807 1952 1845 Cres-

444 1877 501 1914 cit
529 1877 784 1914 scleolarmn
815 1876 933 1924 apud
963 1876 1109 1913 doctos
1139 1876 1427 1913 existimatio.

421 2001 455 2039 1.
488 2000 516 2048 ἦ
547 1999 636 2037 lhs.
670 2000 769 2050 Muy
801 1999 875 2038 R.0
912 2011 966 2037 en
997 1998 1072 2037 X.0
1108 1998 1154 2038 P.
1188 1998 1245 2036 La
1276 1997 1419 2047 gracia
1451 2009 1478 2047 y
1508 2008 1631 2035 amor
1668 1995 1737 2035 del
1781 1994 1954 2045 Esprito

339 2064 474 2104 Santo
504 2076 578 2103 sea
607 2077 776 2115 sempre
805 2077 859 2104 en
892 2066 1095 2104 nuestras
1122 2062 1296 2101 animas
1326 2070 1358 2101 a.
1394 2061 1548 2100 Amen.
1572 2060 1712 2112 [Socii
1750 2062 1863 2100 bona
1883 2062 1957 2099 usi

339 2132 445 2169 sunt
475 2131 740 2178 valetudine,
770 2132 948 2180 praeter
976 2142 1119 2169 unuin
1150 2130 1225 2178 qui
1260 2129 1473 2166 continua
1502 2127 1613 2177 febri
1644 2124 1851 2176 laboratJ.
1882 2124 1957 2164 So-

340 2207 436 2233 mos
465 2194 568 2245 aqui
599 2194 640 2233 31
677 2194 909 2245 preziente,
941 2193 1081 2244 segi'm
1126 2194 1279 2232 uustra
1322 2191 1582 2242 paternidad
1626 2189 1787 2241 poderim
1829 2190 1958 2228 saber

341 2271 421 2310 por
449 2260 488 2298 el
517 2258 717 2310 catalogo
751 2271 835 2310 que
868 2271 965 2298 com
985 2260 1078 2297 esta
1107 2269 1153 2296 se
1183 2256 1376 2301 enbierz'i.
1408 2256 1552 2295 ceinto
1581 2268 1607 2306 y
1637 2255 1838 2301 ochema,
1861 2265 1956 2293 com

342 2324 409 2363 los
438 2324 490 2363 de
520 2324 608 2364 San
648 2324 766 2371 Fins,
807 2336 890 2374 que
929 2335 1009 2362 son
1043 2323 1124 2361 dos
1167 2322 1329 2361 Padres
1358 2334 1384 2372 y
1414 2321 1494 2359 dos
1527 2320 1778 2367 hermanos,
1809 2319 1862 2358 de
1891 2319 1958 2358 105

342 2389 496 2439 quales
526 2389 628 2427 trita
656 2401 683 2439 y
714 2390 800 2427 tres
831 2400 912 2427 500
941 2387 1204 2431 sacerdotes,
1235 2399 1262 2437 y
1292 2386 1358 2425 los
1388 2384 1538 2424 (100135
1582 2396 1663 2423 500
1706 2384 1954 2422 hermanos.

345 2452 497 2504 [VigJet
540 2455 753 2504 religiosa
783 2451 1059 2503 disciplinas
1201 2503 1206 2505 Π

422 2517 460 2556 2.
493 2518 577 2556 Las
607 2529 732 2557 cosas
761 2529 846 2568 que
875 2517 914 2555 el
948 2516 1085 2555 padre
1116 2517 1304 2554 maestro
1329 2514 1469 2553 Nadal
1499 2513 1609 2552 dexo
1647 2512 1893 2552 ordenadas
1914 2523 1960 2551 se

344 2595 431 2622 030
477 2582 696 2633 poniendo
738 2593 793 2621 en
835 2581 1079 2627 exicuci6n,
1111 2593 1137 2630 y
1167 2580 1406 2619 sucienden
1451 2578 1542 2618 mui
1586 2578 1703 2624 bien,
1735 2576 1875 2627 segi'm
1918 2576 1959 2614 13

407 2744 425 2762 a
445 2735 603 2766 ainimas
627 2744 696 2766 ms.

409 2868 419 2884 ¹
442 2866 494 2897 Ex
517 2866 651 2907 origin.
676 2865 838 2906 plurium
862 2864 1034 2896 manibus
1057 2864 1194 2904 scripto
1232 2864 1270 2894 in
1307 2863 1384 2894 cod.
1414 2862 1510 2894 Lus.
1535 2861 1594 2896 51,
1618 2860 1654 2892 ff.
1678 2859 1834 2897 218-20213
1859 2857 1962 2899 prius

346 2919 494 2950 541-544.
519 2918 634 2950 Multa
657 2918 767 2950 verba
803 2917 942 2957 scripta
978 2917 1067 2948 sunt
1103 2916 1209 2948 modo
1246 2915 1328 2956 plus
1365 2915 1489 2946 minus
1511 2913 1694 2951 lusitano;
1718 2911 1758 2943 in
1781 2910 1866 2942 aliis
1889 2918 1962 2941 non

347 2972 476 3011 paucis
499 2971 651 3012 scriptio
674 2970 868 3002 emendata
889 2970 957 3009 est,
988 2970 1030 3002 ut
1066 2969 1112 3001 ad
1149 2968 1381 3009 hispanicam
1417 2967 1570 3000 formam
1607 2965 1725 3006 magis
1762 2962 1961 2996 accederet.

348 3024 479 3056 Parum
503 3024 595 3056 utile
617 3024 738 3055 visum
761 3024 817 3056 est
839 3022 1146 3064 orthographicas
1169 3022 1237 3053 has
1259 3021 1504 3053 correctiones
1526 3019 1716 3051 annotare.
