2099 3516
462 261 541 297 570.
570 282 614 286 -
640 261 882 297 VINDOBONA
912 262 927 296 1
957 261 1213 297 SEPTEMBRIS
1242 261 1329 297 1561
1598 262 1664 297 511

84 380 407 426 coadiutorum,
431 391 544 430 quos
564 379 776 419 formatos
801 391 1020 427 vocamuS,
1040 379 1351 430 temporalium
1374 380 1710 430 professionem,

86 444 183 484 RdO
214 445 333 484 Patri
365 444 458 496 [sic]
490 444 758 495 prouinciali
789 456 876 484 rem
909 455 1079 483 sacram
1109 444 1373 491 celebrante,
1406 456 1485 495 pro
1516 457 1635 484 more
1664 457 1715 484 ac

85 510 290 549 instituto
321 509 553 549 Societatis
583 509 793 557 fecerunt,
818 521 904 548 non
941 509 1108 559 absque
1143 509 1268 548 uberi
1303 509 1504 560 spiritus,
1538 510 1713 561 religio-

84 575 170 621 nis,
203 577 334 625 atque
381 574 556 624 pietatis
601 574 895 628 incremento„
934 574 989 613 M.
1027 576 1173 613 autem
1219 573 1467 619 Cornelius,
1505 575 1592 614 iam
1636 575 1713 614 diu

84 639 265 686 Romae,
289 641 481 690 quatuor
512 641 712 678 votorum
739 639 1014 690 professione
1035 646 1067 685 ἃ,
1101 639 1146 677 in
1177 638 1438 678 Societatem
1470 640 1714 690 professam

83 706 315 755 cooptatus
345 709 374 750 1,
419 704 570 743 eodem
616 705 687 743 die
730 705 776 743 in
819 703 983 754 templo
1026 705 1195 751 nostro,
1240 716 1340 743 cum
1380 704 1482 755 alijs
1522 707 1714 755 quatuor

83 769 461 820 praememoratis,
501 771 617 816 vota,
660 769 752 809 fieri
796 769 929 808 solita
974 769 1029 808 ab
1074 769 1184 819 ipsis
1229 769 1456 820 professis,
1492 769 1715 820 simplicia

83 834 244 874 emisit.

161 899 226 939 46.
261 899 360 950 Egit
377 898 493 938 Rfffssss
506 900 577 939 Pr.
593 899 883 951 prouincialis
904 911 954 938 eo
976 901 1171 950 tempore
1192 900 1422 939 nobiscum
1441 900 1712 951 quindecim,

82 966 160 1003 aut
188 964 397 1015 amplius,
430 964 603 1011 diebus,
637 976 805 1015 nosque
835 976 989 1003 omnes
1027 964 1184 1015 officiJ's
1226 965 1560 1012 humilioribus,
1592 965 1715 1017 se[r]-

83 1029 246 1069 uiendo
292 1030 471 1075 mensis,
504 1041 554 1069 ac
596 1029 984 1069 exhortationibus
1015 1031 1107 1068 tum
1152 1030 1466 1069 communibus
1504 1032 1597 1069 tum
1628 1031 1714 1081 pri-

83 1094 214 1142 uatis,
247 1096 294 1133 ut
338 1094 394 1133 ad
429 1094 847 1134 honestissimarum
881 1094 1091 1134 virtutum
1124 1095 1497 1146 perfectionisque
1526 1096 1711 1146 apicem,

81 1159 199 1210 quod
222 1161 425 1198 nostrum
451 1172 477 1198 a
497 1159 628 1199 nobis
657 1159 914 1198 institutum
936 1160 1031 1199 iure
1051 1160 1221 1210 optimo
1251 1160 1403 1211 exigit,
1435 1161 1715 1200 contendere-

81 1236 181 1263 mus
211 1224 437 1275 impellere
468 1224 596 1264 nisus
625 1226 703 1264 est.
736 1224 837 1264 Fuit
879 1227 1112 1275 pergratus
1155 1225 1252 1264 eius
1284 1225 1506 1265 aduentus
1537 1225 1713 1265 Caesari

81 1289 316 1340 imprimis,
349 1302 398 1329 ac
442 1290 543 1341 alijs
574 1290 733 1329 deinde
763 1290 999 1340 primariae
1028 1290 1300 1330 conditionis
1330 1291 1605 1331 hominibus.

159 1355 224 1395 47.
255 1355 386 1394 Dedit
429 1355 495 1394 illi
527 1355 634 1396 MJ³S
665 1354 808 1406 ipsius
837 1366 1040 1394 caesarea
1086 1357 1192 1395 tunc
1235 1356 1446 1406 temporis
1490 1356 1713 1407 negotium

81 1420 303 1471 quoddam
344 1420 606 1466 literarium,
639 1423 688 1459 ut
717 1420 1007 1464 laboriosum,
1040 1420 1116 1467 ita,
1149 1421 1523 1472 quemadmodum
1566 1433 1714 1472 spera-

82 1497 195 1533 mus,
228 1497 319 1524 non
350 1485 509 1525 inutile
540 1486 762 1533 futurum,
795 1485 882 1531 cui,
906 1488 1145 1536 antequam
1167 1486 1271 1525 hinc
1300 1487 1558 1533 discederet,
1582 1487 1713 1528 finem

82 1549 309 1601 imposuit.
341 1550 545 1601 Suscepit
574 1550 686 1590 illud
717 1550 956 1601 imperator
985 1553 1110 1601 grato
1154 1551 1304 1591 animo
1339 1554 1439 1602 post
1467 1552 1714 1592 discessum

81 1615 127 1654 Ρ.
164 1615 477 1663 Prouincialis,
509 1627 559 1655 ac
589 1615 790 1656 uicissim
820 1616 981 1655 librum
1028 1616 1261 1656 cuiusdam
1306 1617 1435 1667 quasi
1472 1617 1715 1657 haeresiar-

80 1680 189 1719 chae
221 1683 472 1720 nostrorum
503 1693 717 1721 censurae
747 1681 950 1721 subiecit.

157 1745 222 1784 48.
256 1744 502 1793 Caeterum,
524 1757 625 1785 cum
655 1746 801 1785 adhuc
822 1746 1055 1786 nobiscum
1078 1747 1129 1786 R.
1157 1747 1203 1787 P.
1227 1746 1527 1787 Prouincialis
1548 1750 1711 1798 ageret,

79 1810 303 1861 quendam
345 1811 615 1850 sacerdotem
661 1811 991 1862 anabaptistam
1038 1814 1158 1863 apud
1198 1812 1336 1852 R.ffl¹¹¹¹¹
1366 1812 1571 1860 Hosium,
1609 1815 1714 1853 tunc

79 1875 375 1926 apostolicum
404 1876 629 1921 nuntium,
661 1876 850 1916 consilio
880 1876 1011 1924 iuuit,
1039 1879 1172 1928 atque
1202 1877 1370 1925 fauore,
1402 1880 1451 1917 ut
1480 1878 1535 1917 ad
1565 1879 1715 1917 catho-

79 1941 211 1980 licam
240 1940 370 1980 fidem
402 1941 578 1981 rediret.
614 1942 671 1989 Is,
703 1953 802 1981 cum
834 1942 1036 1993 deposita
1065 1942 1310 1982 sacerdotis
1339 1942 1571 1994 dignitate,
1604 1943 1715 1983 lani-

79 2004 229 2044 ficium
258 2005 378 2056 apud
408 2005 511 2044 illos
541 2005 822 2057 aliquandiu,
856 2006 1013 2046 maiori
1049 2007 1178 2046 credo
1213 2007 1363 2046 studio
1394 2007 1576 2047 uirtutis
1607 2008 1714 2057 (non

79 2071 228 2109 tamen
257 2069 503 2109 secundum
533 2070 782 2121 scientiam)
815 2082 949 2121 quam
971 2071 1096 2123 impij
1121 2071 1187 2111 illi
1210 2072 1322 2111 ferre
1342 2074 1562 2123 poterant,
1594 2084 1715 2112 exer-

79 2135 258 2183 cuisset,
291 2135 479 2186 resipuit
508 2136 687 2175 tandem
717 2136 873 2175 diuina
904 2137 1047 2187 gratia
1077 2136 1177 2185 ille;
1226 2139 1359 2188 atque
1398 2137 1538 2185 fucos,
1571 2137 1714 2189 impo-

78 2201 240 2247 sturas,
273 2200 635 2252 impietatemque
669 2202 1054 2252 anabaptistarum
1099 2204 1248 2253 aperte
1294 2202 1404 2242 satis
1447 2214 1710 2253 agnoscens,

78 2267 221 2316 capta,
253 2268 330 2305 aut
362 2266 509 2317 potius
538 2266 687 2306 oblata
728 2279 754 2306 a
797 2267 888 2306 Deo
931 2267 1178 2317 occasione,
1210 2280 1323 2318 quas
1365 2268 1536 2308 diutius
1579 2281 1713 2319 quam

77 2330 306 2370 debuisset
335 2333 542 2379 traxerat,
574 2343 721 2371 moras
751 2332 951 2379 disoluit,
984 2335 1116 2384 atque
1145 2333 1201 2372 ad
1231 2345 1314 2373 nos
1351 2333 1567 2384 confugit.
1602 2333 1712 2374 Con-

79 2395 223 2435 fessus
253 2398 333 2444 est,
366 2398 416 2436 ut
445 2396 593 2436 uirum
632 2397 929 2437 christianum
960 2398 1097 2445 decet,
1130 2398 1183 2438 de
1226 2399 1418 2450 peccatis
1448 2399 1495 2438 in
1524 2399 1712 2450 collegio

79 2463 231 2500 nostro
261 2473 311 2501 ac
354 2462 559 2501 abiurata
602 2462 790 2510 haeresi,
824 2463 1074 2503 humillime
1117 2466 1296 2514 sumpta
1325 2476 1351 2503 a
1381 2464 1489 2503 R.¹110
1520 2476 1712 2515 praeme-

78 2528 249 2566 morato
281 2527 420 2566 Hosio
451 2527 659 2578 imposita
689 2528 978 2578 poenitentia,
1003 2528 1047 2567 in
1079 2529 1268 2580 gratiam
1290 2529 1420 2581 rediJ't
1445 2529 1709 2577 SeruatoriS,

78 2591 223 2642 rigore
252 2603 475 2632 canonum
504 2592 744 2643 prudenter
764 2595 1021 2644 temperato.
1046 2594 1304 2645 Aegerrimo
1334 2594 1484 2634 animo
1513 2595 1713 2634 tulerunt

78 2655 145 2710 illi
175 2656 295 2707 quod
325 2656 433 2696 italo
463 2656 640 2696 cuidam
670 2657 890 2697 catholico
929 2658 984 2697 ad
1028 2660 1213 2697 mortem
1257 2659 1539 2699 decumbenti
1584 2671 1711 2709 opem

139 2841 157 2859 a
178 2832 445 2874 professionem
470 2842 540 2866 ms.

140 2998 151 3016 ²
173 2997 211 3030 P.
237 2997 431 3030 Cornelius
454 2997 704 3039 Broghelman
728 2998 941 3031 sollemnem
964 3000 1128 3041 quatuor
1141 3001 1313 3033 votorum
1336 3000 1605 3042 professionem
1625 3000 1712 3033 emi-

77 3051 176 3083 serat
199 3051 337 3083 Romae
360 3051 419 3084 die
444 3052 483 3083 10
507 3051 699 3084 Februarii
725 3052 817 3085 1556.
