2099 3516
504 282 584 319 564.
612 303 654 308 -
681 282 875 318 MESSANA
904 282 920 317 1
950 282 1205 318 SEPTEMBRIS
1234 282 1322 318 1561
1609 283 1678 318 467

100 401 388 453 predicatore,
436 403 502 440 tre
549 401 791 440 confessori
839 400 1069 451 ordinarij,
1119 412 1179 439 vn
1218 402 1382 439 mastro
1411 400 1455 439 di
1487 401 1664 451 nouitij,
1696 401 1728 440 il

100 467 231 518 quale
260 467 400 506 anche
429 466 554 517 legge
584 466 804 513 l’hebreo,
835 465 920 504 due
952 465 1145 505 maestri.
1196 465 1421 512 Del'altri,
1457 467 1634 516 quattro
1664 465 1729 504 in-

101 543 298 583 segnano
327 531 442 570 nelle
471 531 669 578 schuole,
701 530 862 570 tredeci
892 542 1002 569 sono
1032 530 1242 571 studenti.
1265 529 1411 579 Quelli
1432 530 1513 569 che
1534 532 1726 578 restano,

100 596 236 636 fanno
266 596 296 636 li
327 595 540 647 essercitij
572 595 615 635 di
646 595 891 636 coadiutori
922 595 1171 645 temporali,
1220 595 1292 634 chi
1341 595 1388 634 in
1422 595 1624 646 collegio,
1656 594 1728 634 chi

100 661 217 700 nella
247 661 396 712 vigua.
431 660 619 712 [Cuncti,
651 662 821 701 duobus
849 662 1052 711 exceptis,
1085 661 1198 699 bona
1226 661 1422 699 utimtur
1451 661 1730 708 valetudine;

101 729 139 766 et
164 728 378 778 progredi
406 729 455 766 in
484 728 700 777 religiosa
725 727 991 777 perfectione
1038 726 1274 765 conantur.
1326 725 1507 765 Scholae
1552 726 1727 775 florent.

105 792 420 842 Confitentium
449 793 489 831 et
526 793 957 831 communicantium
1003 793 1053 830 in
1101 792 1261 841 templo
1309 791 1463 829 nostro
1511 803 1731 830 ‘numerus

102 858 306 908 augetur,
335 858 603 908 praesertim
632 858 681 896 in
711 857 1076 896 sollemnioribus
1105 857 1245 906 festis.
1277 855 1475 894 Fructus
1518 856 1732 906 exemplis

101 921 385 973 ostenditur]

180 987 218 1027 02.
251 987 348 1027 Vna
378 999 567 1038 persona
596 988 639 1028 la
668 987 799 1038 quale
828 998 963 1026 erano
993 986 1147 1026 dodeci
1178 985 1286 1025 anni
1316 986 1397 1025 che
1427 985 1602 1025 haueua
1639 997 1732 1025 cer-

100 1054 198 1092 cato
228 1064 318 1092 uno
347 1052 427 1092 che
457 1053 488 1092 li
519 1053 661 1092 vccise
690 1059 709 1078 a
740 1051 783 1091 16
812 1051 977 1099 madre,
1009 1063 1086 1102 per
1115 1063 1224 1102 gran
1255 1052 1377 1102 parte
1407 1050 1523 1090 della
1553 1049 1733 1102 spagna

101 1119 143 1158 et
172 1117 358 1157 d’Italia
389 1129 465 1168 per
494 1117 820 1164 uindicarsene‚
853 1116 925 1155 nel
954 1116 1060 1167 qual
1108 1118 1255 1166 tempo
1302 1115 1480 1155 haueua
1527 1117 1732 1155 mancato

101 1182 221 1222 dalla
240 1182 554 1222 communione
574 1184 615 1222 et
635 1181 929 1228 confessione,
961 1180 1147 1220 essendo
1170 1179 1189 1206 b
1220 1182 1436 1220 essortato
1456 1180 1513 1220 da
1533 1192 1595 1220 un
1616 1180 1734 1220 della

103 1247 390 1299 Compagnia‚
432 1259 521 1287 non
560 1247 804 1289 solamente
852 1245 1048 1297 perdono
1096 1257 1122 1284 a
1168 1245 1333 1296 quello,
1379 1247 1421 1284 et
1463 1245 1672 1285 riceuette
1700 1245 1733 1284 li

102 1312 373 1353 sanctissimi
404 1311 684 1359 sacramenti,
736 1323 806 1350 ma
854 1311 995 1350 anche
1042 1322 1268 1362 promesse
1314 1310 1358 1350 di
1393 1310 1660 1350 confessarsi
1690 1310 1733 1349 al

102 1389 232 1418 meno
261 1378 366 1429 ogni
396 1389 528 1418 mese.
563 1377 673 1429 [Alii
702 1378 876 1417 similes
906 1389 1038 1416 casus
1067 1375 1381 1427 enarr-anima]

181 1443 219 1483 3.
253 1442 298 1482 si
328 1443 479 1485 hanno
510 1442 619 1482 fatto
649 1442 741 1482 fare
770 1442 928 1481 alcune
959 1441 1071 1492 paci,
1103 1441 1188 1480 ben
1235 1441 1315 1480 che
1362 1441 1603 1480 hauessero
1637 1452 1734 1491 pre-

102 1520 226 1548 cesso
256 1508 387 1547 morti
421 1507 464 1547 d'
479 1507 610 1547 amici
641 1519 666 1547 0
696 1507 884 1558 parenti.
935 1506 1059 1546 Molti
1107 1506 1210 1546 altri
1258 1505 1395 1545 simili
1443 1505 1481 1545 si
1530 1505 1734 1556 potriano

102 1575 295 1621 contai-e,
328 1573 360 1612 li
390 1572 513 1624 quali
543 1573 628 1612 ben
657 1572 737 1612 che
767 1572 895 1612 siano
920 1571 1156 1622 frequenti,
1180 1583 1265 1622 pur
1284 1583 1374 1610 non
1395 1582 1539 1610 sonno
1559 1570 1604 1610 di
1626 1582 1735 1622 poca

103 1639 392 1689 importanza.
426 1638 541 1678 Altri
571 1649 682 1678 sono
712 1638 793 1678 che
835 1637 986 1677 hanno
1034 1637 1240 1676 reiterato
1287 1636 1328 1676 16
1375 1636 1662 1684 confessioni,
1694 1636 1735 1676 16

102 1704 224 1756 quali
255 1715 331 1755 per
359 1703 509 1743 alcuni
540 1703 837 1743 mancamenti
867 1714 958 1742 non
996 1702 1276 1754 giouauan03
1327 1701 1429 1742 altri
1477 1701 1515 1741 si
1563 1702 1734 1742 confes-

102 1781 236 1809 sorno
266 1769 594 1820 generalmente
623 1769 668 1808 di
698 1770 811 1808 tutta
842 1768 885 1808 la
914 1780 996 1808 sua
1034 1768 1143 1808 uita.
1194 1767 1309 1807 Altri
1340 1767 1528 1807 essendo
1558 1767 1735 1806 infermi

103 1834 240 1874 fanno
270 1834 484 1873 instantia
514 1833 558 1874 di
588 1833 726 1873 morir
772 1833 888 1873 nelle
935 1833 1056 1873 mani
1103 1832 1209 1872 delli
1258 1832 1414 1872 nostri.
1452 1832 1567 1872 Altri
1597 1844 1674 1883 per
1703 1832 1735 1872 il

103 1901 192 1940 bon
221 1900 355 1939 odore
383 1901 425 1939 et
453 1900 543 1939 bon
572 1911 693 1939 esser
721 1899 826 1939 delli
857 1898 998 1939 nostri
1038 1900 1316 1950 promettono
1363 1898 1405 1938 di
1455 1898 1664 1937 emendar
1692 1898 1736 1937 16

104 1965 197 2005 uita
227 1977 323 2005 sua.

181 2031 220 2070 4.
252 2029 351 2070 Non
380 2030 569 2070 lasciaro
599 2041 683 2081 pur
711 2029 756 2069 di
786 2031 1017 2069 raccontar
1046 2041 1108 2069 un
1137 2041 1255 2077 caso,
1288 2029 1320 2068 il
1341 2029 1447 2079 qual
1468 2040 1558 2068 non
1580 2028 1639 2067 mi
1659 2040 1737 2079 par

103 2095 281 2135 douersi
310 2098 454 2135 tacere
483 2107 508 2134 a
538 2095 739 2147 maggior
767 2095 910 2146 gloria
939 2095 983 2134 di
1013 2094 1112 2142 Dio,
1146 2106 1222 2145 per
1250 2106 1378 2145 parer
1406 2093 1535 2145 quasi
1565 2105 1627 2133 un
1658 2093 1736 2132 mi-

103 2161 269 2201 raculo.
302 2160 401 2201 Uno
431 2160 537 2200 delli
567 2160 708 2200 nostri
740 2160 872 2200 Padri
902 2160 1127 2199 trattando
1157 2159 1277 2199 d'un
1307 2159 1485 2210 negotio
1532 2170 1616 2198 con
1650 2158 1736 2198 due

104 2225 400 2277 gentilomini,
432 2225 737 2277 riuolgendosi
785 2225 888 2265 uide
934 2237 997 2265 un
1034 2225 1147 2264 altro
1177 2225 1257 2264 che
1287 2224 1319 2264 li
1349 2226 1479 2264 staua
1507 2235 1733 2275 appresso,

104 2291 173 2331 col
201 2290 307 2341 qual
336 2303 427 2331 non
456 2291 632 2331 haueua
663 2291 811 2330 niente
841 2290 895 2330 da
926 2290 1017 2330 fare
1047 2302 1124 2341 per
1153 2301 1243 2329 non
1272 2289 1550 2337 conoscerlo;
1574 2291 1615 2328 et
1646 2301 1736 2328 non

105 2368 154 2399 So
183 2367 305 2396 come
335 2356 367 2395 il
396 2356 516 2396 detto
546 2356 688 2396 Padre
717 2366 868 2396 mosso
898 2356 953 2395 da
984 2355 1110 2395 Iddio
1159 2355 1207 2406 (il
1254 2355 1360 2406 qual
1402 2366 1525 2394 come
1558 2366 1617 2393 un
1646 2354 1736 2393 hon

105 2421 239 2473 padre
269 2433 351 2461 usa
379 2421 547 2461 diuersi
577 2421 696 2461 modi
727 2433 751 2461 a
781 2421 906 2461 ridur
934 2421 966 2460 li
996 2420 1095 2460 suoi
1125 2420 1283 2472 figlioli
1315 2432 1340 2459 a
1370 2420 1448 2470 se),
1481 2419 1519 2459 si
1550 2430 1690 2458 messe
1711 2431 1736 2458 a

105 2486 314 2538 ragionar
342 2498 425 2526 con
454 2486 557 2538 quel
588 2488 720 2534 terzo,
752 2488 794 2526 et
822 2487 909 2526 ben
938 2486 1019 2526 che
1066 2485 1111 2525 di
1159 2485 1223 2525 lui
1271 2485 1421 2524 niente
1456 2496 1510 2524 ne
1539 2495 1733 2534 sapesse,

105 2564 190 2603 pur
217 2552 491 2592 l'essortaua
520 2564 545 2591 a
574 2552 841 2592 confessarsi
888 2553 931 2591 et
977 2551 1139 2591 lasciar
1185 2551 1228 2590 la
1261 2550 1534 2597 concubina;
1568 2549 1601 2588 il
1630 2548 1736 2600 qual

105 2616 390 2657 l'intendeua
420 2617 659 2665 uoluntier,
691 2618 734 2656 et
762 2616 1011 2656 hauendosi
1043 2616 1219 2668 partito,
1251 2616 1398 2666 doppo
1419 2614 1569 2655 alcuni
1590 2613 1736 2665 giorni

108 2681 268 2721 mando
298 2694 323 2721 a
352 2682 550 2722 chiamar
579 2694 604 2721 a
633 2693 736 2721 casa
765 2693 848 2722 sua
876 2682 996 2721 detto
1026 2681 1182 2729 Padre‚
1232 2679 1573 2720 dimostrandoli
1617 2690 1738 2719 esser

106 2746 348 2787 deliberato
378 2754 392 2773 ⁶
413 2747 575 2787 lasciar
608 2747 651 2786 la
680 2746 945 2794 concubina,
986 2748 1028 2786 et
1064 2745 1361 2793 confessarsi;
1394 2747 1436 2785 et
1466 2743 1738 2784 mandando-

107 2812 187 2852 seli
230 2824 293 2852 un
340 2813 469 2861 altro,
518 2812 652 2860 disse,
702 2824 794 2852 non
841 2812 993 2864 uoglio
1041 2812 1154 2851 altro
1184 2823 1230 2851 se
1259 2822 1351 2850 non
1390 2810 1539 2861 quello
1569 2809 1601 2849 il
1630 2809 1737 2860 qual

169 3025 187 3045 a
206 3017 332 3050 Prius
349 3017 481 3050 vcisse.
506 3036 546 3040 ——
568 3018 587 3044 b
607 3017 690 3051 Del.
716 3018 872 3051 essendo
894 3017 982 3050 iter.
1006 3036 1046 3041 —
1069 3026 1085 3045 e
1104 3016 1266 3050 Emend.
1292 3025 1339 3049 eoe
1365 3015 1594 3048 delliberato.
