2099 3516
484 276 564 311 570.
593 297 635 302 —
665 276 907 313 VINDOBONA
936 277 951 311 1
982 276 1239 314 SEPTEMBms
1268 279 1356 314 1561
1625 282 1695 317 499

107 406 189 434 sua
218 394 467 440 clementia,
500 394 560 434 ita
590 407 767 447 quoque
798 395 958 446 petitos
1001 397 1056 435 ab
1099 408 1150 436 eo
1185 397 1377 445 fauores,
1410 398 1457 437 in
1487 411 1621 439 causa
1653 412 1742 440 ma-

107 459 224 499 xime
255 459 500 510 religionis,
533 472 612 499 000
642 461 787 507 nobis,
811 472 890 499 nec
920 461 1037 512 alijs,
1061 462 1179 512 quod
1210 462 1363 510 sciam,
1387 463 1497 503 viris
1518 464 1742 516 religiosis

107 524 346 575 denegauit
384 536 594 576 vnquam.
629 526 764 565 Plura
807 525 880 565 hic
922 526 1127 566 consulto
1171 527 1243 566 his
1286 528 1496 568 omnibus
1526 529 1579 568 de
1609 531 1742 570 rebus

106 589 369 637 omittimus,
401 590 691 630 commodiori
720 592 932 641 tempore,
964 593 1006 630 et
1035 592 1132 631 loco
1157 593 1309 632 eadem
1341 593 1527 634 fortasse
1557 595 1740 635 relaturi

108 654 263 693 maiori
294 666 393 694 cum
425 654 586 695 fructu.

188 719 250 759 122.
283 718 524 759 Contiones
558 723 813 761 nostrorum
857 721 913 760 ad
957 722 1171 773 populum
1217 723 1577 774 frequentissime
1606 725 1741 765 etiam

106 784 341 835 primarias
370 784 568 825 ciuitatis
589 786 798 826 ecclesias
831 794 864 833 ³,
897 789 989 826 toto
1019 787 1103 827 hoc
1125 789 1320 839 tempore
1342 789 1521 829 habitae
1543 790 1738 839 fuerunt,

105 851 229 889 tanto
272 849 472 889 omnium
516 851 752 901 applausu,
784 851 966 898 5013010,
1013 852 1264 903 fructuque,
1298 856 1346 893 ut
1389 856 1507 894 certo
1551 858 1738 904 constet,

105 914 317 954 maiorem
348 915 608 967 plerumque
638 928 688 956 eo
718 916 812 956 fieri
838 929 1120 965 concursum,
1145 918 1221 957 ubi
1244 919 1384 958 nostri
1406 920 1738 969 contionantur,

104 991 237 1031 quam
268 980 371 1020 alio.
403 980 518 1020 Hinc
547 983 614 1021 est
643 982 761 1032 quod
796 982 1143 1022 solemnioribus
1188 983 1527 1033 festiuitatibus‚
1560 985 1741 1037 illisque

104 1045 380 1095 temporibus
409 1047 589 1097 quando
619 1047 1030 1098 frequentissimum
1062 1049 1295 1100 religionis
1337 1061 1472 1089 causa
1502 1051 1615 1090 solet
1643 1063 1740 1092 esse

103 1109 391 1157 auditorium,
425 1123 515 1150 non
545 1111 634 1151 alio
664 1124 797 1163 quam
828 1113 915 1152 huc
936 1113 992 1152 ad
1022 1125 1104 1152 nos
1133 1114 1189 1153 ab
1219 1113 1327 1161 illis,
1350 1114 1427 1166 qui
1453 1127 1603 1155 curam
1634 1118 1739 1156 tem-

104 1175 279 1226 plorum
310 1178 484 1227 gerunt,
517 1179 807 1217 concurratur
836 1178 1181 1219 obtinendorum
1212 1191 1234 1219 0
1265 1181 1430 1220 0051115
1464 1181 1740 1222 00011003104

104 1252 199 1280 rum
231 1253 350 1292 ergo.
383 1241 534 1293 Neque
564 1242 663 1282 ideo
694 1245 842 1282 tamen
873 1243 1035 1283 vsitata
1065 1256 1167 1295 erga
1202 1245 1404 1285 infirmos
1435 1248 1567 1297 atque
1598 1247 1739 1286 incar-

102 1308 272 1346 ceratos
302 1309 480 1347 nostrae
509 1307 744 1348 Societatis
773 1308 915 1348 officia
946 1309 1252 1361 negliguntur.
1280 1311 1486 1362 Magnam
1517 1311 1739 1363 siquidem

102 1371 211 1411 haec
242 1372 457 1412 virtutum
487 1373 845 1421 exercitamenta,
878 1374 1044 1425 quibus
1074 1375 1246 1415 ratione
1277 1376 1472 1416 instituti
1503 1377 1644 1417 nostri
1675 1389 1738 1417 se-

101 1437 253 1476 dulam
284 1437 538 1488 impendere
568 1450 746 1489 operam
778 1441 1000 1487 tenentur,
1034 1441 1200 1491 populo
1230 1441 1336 1481 huic
1356 1441 1591 1481 viennensi
1622 1443 1739 1482 aedi-

101 1502 353 1542 ficationem
401 1503 624 1554 peperisse
672 1516 751 1555 pro
794 1507 1019 1556 comperto
1068 1506 1299 1546 habemus.
1345 1507 1408 1546 De
1451 1507 1739 1547 contionibus

101 1569 249 1607 autem
280 1569 334 1608 M.
368 1568 568 1620 Gregorij
601 1572 612 1593 1
644 1569 690 1609 in
729 1570 894 1621 templo
933 1572 1086 1610 nostro
1117 1571 1228 1610 mira
1258 1583 1380 1620 sane,
1412 1572 1504 1612 Deo
1534 1573 1592 1612 sit
1621 1573 1736 1621 laus,

101 1636 388 1684 sparguntur.
421 1633 612 1684 Quidam
642 1634 760 1674 enim
784 1636 1037 1687 nuperrime
1069 1636 1133 1687 (ut
1162 1637 1215 1676 de
1245 1637 1348 1689 alijs
1369 1639 1553 1689 taceam)
1585 1639 1739 1678 doctor

101 1699 231 1738 nobis
261 1699 577 1747 amicissimus,
610 1711 661 1739 ac
690 1700 758 1739 vir
787 1701 871 1740 fide
901 1701 1081 1752 dignus,
1113 1705 1155 1742 01
1184 1703 1262 1753 qui
1283 1704 1340 1742 ob
1361 1703 1462 1743 fidei
1492 1704 1738 1744 catholicae

100 1763 427 1804 defenssionem
465 1765 605 1804 multa
634 1766 691 1804 ab
734 1766 970 1806 haereticis
1015 1779 1175 1818 passus
1218 1768 1396 1817 dicitur,
1429 1769 1511 1809 has
1545 1769 1737 1810 aliorum

100 1829 258 1869 rectori
289 1832 442 1870 nostro
473 1830 689 1870 referebat
719 1842 869 1872 voces:
901 1832 1111 1872 iuuenem
1132 1833 1253 1873 hunc
1274 1834 1389 1873 nihil
1410 1834 1535 1874 aliud
1566 1838 1738 1886 praeter

100 1895 405 1946 euangelicam
422 1896 669 1935 doctrinam
687 1896 952 1945 contionari,
973 1898 1169 1938 mirabili
1187 1899 1397 1939 facundia
1413 1900 1737 1952 sanctitateque

100 1971 195 2000 esse
225 1961 499 2011 praeditum;
533 1961 752 2012 plurimos
773 1963 829 2002 ab
850 1963 1173 2004 haereticorum
1196 1964 1437 2016 figmentis,
1460 1966 1516 2005 ad
1546 1966 1736 2006 solidam

99 2026 255 2065 matris
302 2028 480 2066 nostrae
527 2027 771 2067 catholicae
819 2028 1041 2068 Ecclesiae
1085 2028 1103 2054 b
1137 2029 1402 2079 doctrinam,
1448 2032 1736 2072 contionibus

99 2091 251 2141 huius,
284 2092 414 2131 nobis
444 2092 600 2144 inscijS
630 2104 726 2133 esse
757 2096 1013 2142 reuocatos,
1046 2107 1132 2146 qua
1155 2096 1208 2135 de
1229 2108 1275 2135 re
1295 2096 1475 2147 ipsimet
1494 2096 1735 2148 gloriaren-

99 2159 185 2204 tur,
217 2169 406 2208 quorum
437 2158 614 2209 aliquos
657 2158 905 2199 affirmabat
948 2160 1064 2200 idem
1108 2161 1262 2201 doctor
1293 2162 1346 2212 (si
1378 2164 1492 2202 10010
1522 2164 1736 2203 memoria

98 2223 241 2272 teneo)
260 2222 347 2262 sibi
368 2225 409 2262 et
429 2225 559 2263 antea
580 2226 622 2263 et
642 2235 762 2264 01100
782 2225 916 2265 011310
938 2227 1150 2277 temporis
1171 2239 1268 2266 0550
1290 2227 1564 2268 00115511005.
1589 2229 1734 2268 Adde-

98 2288 174 2327 bat
203 2288 278 2328 ille
307 2300 484 2340 quoque
514 2289 653 2328 animi
683 2290 753 2330 sui
784 2291 1074 2331 sententiam:
1104 2294 1239 2332 totam
1263 2293 1477 2333 nimirum
1498 2293 1734 2345 Syllesiam

98 2352 421 2393 haereticorum
470 2354 681 2405 figmenta
728 2356 917 2407 pedibus
964 2358 1340 2406 conculcaturam,
1386 2370 1437 2398 30
1479 2359 1535 2399 ad
1577 2371 1731 2399 sanam

97 2419 290 2457 mentem
321 2418 578 2466 redituram,
611 2419 648 2458 si
680 2431 756 2470 per
784 2432 953 2460 annum
983 2421 1140 2461 saltem
1168 2422 1222 2461 M.
1247 2421 1511 2474 Gregorium
1541 2423 1733 2463 Wradis-

96 2482 244 2522 lauiae
272 2483 522 2523 contionari
553 2485 796 2536 contigeret
828 2485 952 2538 [sies.
976 2486 1124 2527 Huius
1153 2488 1442 2528 contionibus
1463 2491 1595 2540 atque
1625 2490 1733 2529 allo-

97 2548 204 2599 quio
233 2549 425 2600 spiritali
470 2551 718 2590 matronam
761 2552 987 2603 quandam
1031 2553 1282 2601 honestam,
1315 2567 1428 2606 quae
1472 2556 1527 2594 ab
1570 2556 1730 2607 aliqui—

96 2614 182 2654 bus
211 2621 226 2640 0
259 2615 550 2666 energumina
579 2616 853 2665 credebatur,
883 2618 1151 2669 grauissima
1173 2620 1381 2670 quadam,
1414 2623 1459 2660 vt
1489 2621 1732 2661 multorum

96 2681 164 2719 051
191 2680 427 2727 500100113,
459 2681 702 2732 agitatione
740 2683 1078 2732 melancholiae,
1111 2684 1250 2724 fuisse
1293 2685 1526 2725 liberatam
1555 2685 1574 2712 d
1607 2686 1732 2726 audi-

97 2756 261 2785 11101115.

158 2900 176 2919 a
196 2892 275 2925 Sic.
303 2902 386 2933 ms„
411 2893 573 2926 videtur
589 2896 721 2927 tamen
743 2895 997 2929 dicendum...
1023 2897 1063 2929 in
1086 2898 1276 2939 primariis
1299 2899 1469 2931 ciuitatis
1492 2899 1672 2932 000105115.
1689 2918 1730 2922 -

96 2945 115 2972 b
135 2945 218 2978 Del.
243 2947 368 2979 contio
390 2946 546 2989 imperf.
571 2966 612 2970 —
635 2956 650 2975 ο
676 2948 802 2990 aligijs
825 2948 873 2990 (⁶3)
899 2959 970 2983 ms.
996 2969 1035 2973 —
1055 2950 1074 2978 d
1098 2951 1337 2985 liberaratam
1366 2961 1438 2985 msn

159 3072 169 3089 ¹
193 3070 393 3113 Gregorius
416 3071 633 3106 RosseffiuS.
