2099 3516
474 270 554 306 584.
583 292 626 296 —-
652 270 871 306 TYRNAVIA
897 269 943 305 30
970 269 1225 306 SEPTEMBRIS
1254 270 1341 306 1561
1608 271 1679 307 579

98 389 317 436 ciuitates,
340 388 415 428 vbi
435 390 499 428 tot
520 391 731 440 tantaque
753 389 871 428 Deus
891 399 968 439 per
993 387 1230 428 Societatis
1258 388 1464 428 homines
1492 391 1722 440 operatur;

98 454 136 493 si
166 454 276 493 forte
305 456 348 493 et
377 453 506 493 nobis
536 454 726 493 aliorum
755 453 1087 504 comparatione
1125 452 1255 503 quasi
1285 453 1507 493 desidiose
1537 453 1725 493 viuenti—

97 520 180 559 bus
200 518 366 559 similia
386 530 614 569 capessere
635 519 836 558 daretur:
869 518 986 570 quod
1018 519 1197 558 sanctae
1227 517 1505 558 obedientiae
1526 518 1726 558 iussione

96 583 243 624 cuiuis
272 586 525 623 nostrorum
555 584 824 634 sperandum
849 586 930 631 est,
953 585 994 622 et
1014 583 1068 622 de
1089 582 1252 623 Christi
1288 582 1562 634 benignitate
1591 583 1726 623 fiden-

96 649 218 696 dum,
249 648 287 688 si
318 648 363 687 id
393 648 461 688 vel
492 648 622 688 nobis
653 648 720 687 vel
749 647 960 688 ecclesiae
981 660 1088 688 suae
1109 650 1287 687 sanctae
1309 647 1549 698 expediens
1579 648 1724 699 fuerit,

97 713 154 753 sit
183 723 494 753 concessurus.
527 713 585 753 Ut
614 713 791 753 interim
822 712 901 752 Dei
931 713 1088 764 optimi
1113 712 1292 752 maximi
1323 712 1491 763 gloriae
1520 720 1538 738 a
1570 713 1726 753 redda-

99 790 196 818 mur
237 777 580 828 amplificatores
622 778 782 825 seduli,
827 777 884 817 ad
923 778 973 817 R.
1008 778 1055 817 P.
1089 780 1211 817 tuam
1254 777 1551 828 confugimus,
1597 777 1726 817 cuius

95 842 391 883 sanctissimis
422 842 652 894 sacrificijs
681 845 724 882 et
752 842 1032 882 orationibus
1075 842 1216 882 adiuti
1261 844 1473 893 putamus
1520 854 1647 894 posse
1684 845 1727 883 et

95 908 213 959 quod
244 908 383 947 nostri
414 907 548 959 officij
580 910 646 947 est
681 910 919 959 praestare,
952 910 993 947 et
1023 907 1226 947 diuinam
1271 907 1403 947 nobis
1445 907 1725 947 clementiam

95 973 333 1024 propitiam
363 973 558 1013 reddere.
592 973 824 1013 Montillae
871 972 1013 1024 pridie
1055 972 1281 1013 Kalendas
1310 972 1528 1013 Octobris.
1560 972 1728 1014 Comis-

96 1038 221 1078 sione
251 1039 299 1079 P.
333 1038 384 1078 R.
418 1040 445 1078 1.

202 1104 253 1143 R.
287 1104 335 1144 P.
368 1103 417 1143 Τ.
449 1103 666 1155 indignus
695 1115 856 1144 seruus
885 1103 931 1143 in
963 1102 1093 1144 Chro.

1538 1159 1568 1209 †

1424 1210 1629 1251 RAMI'REz
1657 1213 1690 1254 ².

201 1266 459 1315 Inscriptio.

199 1340 530 1391 Quadrimestre
550 1342 603 1381 de
625 1341 827 1381 Montilla
858 1341 911 1380 de
943 1341 1111 1393 Agosto
1142 1341 1160 1367 ἱ)
1192 1342 1245 1382 de
1276 1341 1375 1381 1561
1407 1344 1519 1381 anos
1548 1353 1654 1393 para
1683 1342 1726 1382 la

94 1406 332 1446 Prouincia
362 1407 415 1447 de
445 1414 460 1433 0
482 1407 637 1447 Roma.

887 1607 1001 1657 584

542 1755 753 1781 TYRNAVIA
779 1744 826 1780 30
851 1754 1101 1781 SEPTEMBRIS
1130 1745 1217 1780 1561
1246 1744 1271 1781 3.

97 1866 416 1916 Tyrnaviensis
446 1865 622 1915 collegii
664 1865 814 1904 initia.
857 1865 983 1904 Urbis
1013 1866 1144 1911 situs,
1177 1866 1414 1915 religionis
1452 1867 1614 1906 status.
1644 1867 1726 1905 Pe-

198 1932 333 1970 cunia
362 1931 420 1970 ad
450 1931 701 1980 aedificium
727 1931 905 1970 collata.
938 1932 1090 1970 Primi
1121 1931 1292 1970 labores
1320 1933 1561 1972 sociorum.

173 2055 209 2094 1.
244 2055 333 2093 Pax
363 2053 527 2094 Christi
558 2056 640 2094 etc.
674 2054 821 2094 Pauca
850 2054 903 2093 de
925 2054 1100 2106 collegij
1124 2054 1264 2094 nostri
1290 2054 1521 2106 principijs
1538 2054 1726 2095 dicenda

91 2121 211 2167 sunt,
244 2119 351 2159 Rde.
384 2119 624 2158 admodum
655 2119 701 2158 in
732 2119 908 2159 Christo
941 2120 1083 2167 Pater,
1116 2131 1229 2171 quae
1273 2120 1429 2159 diuina
1476 2120 1725 2171 opitulante

91 2185 231 2236 gratia
262 2185 318 2224 ab
348 2184 547 2236 indignis
578 2184 683 2236 filijs
704 2184 793 2224 tuis
814 2184 1053 2224 Tirnauiae
1074 2184 1092 2210 d
1114 2185 1235 2224 hisce
1258 2185 1473 2236 proximis
1494 2185 1724 2225 mensibus

90 2252 212 2301 gesta
242 2251 362 2289 sunt.
395 2249 459 2289 Ad
492 2250 517 2288 9
547 2250 628 2289 cal.
662 2249 763 2301 Maij
817 2250 965 2289 vrbem
1015 2249 1179 2289 inuecti
1228 2262 1408 2298 sumus;
1450 2262 1501 2290 ac
1531 2249 1724 2301 primum

90 2314 266 2366 quidem
301 2315 347 2354 in
378 2315 460 2353 hoc
490 2314 587 2354 Rmi
628 2315 950 2366 archiepiscopi
981 2315 1310 2366 strigoniensis,
1361 2317 1453 2355 tum
1491 2327 1593 2355 vero
1631 2327 1726 2355 cae-

90 2391 241 2419 sareae
271 2380 374 2419 mai.
408 2380 480 2430 pio
510 2380 730 2419 desiderio
761 2388 776 2406 6
811 2380 996 2419 fecimus
1026 2379 1149 2419 satis.
1184 2380 1278 2419 Sita
1307 2381 1369 2419 est
1408 2380 1516 2420 haec
1563 2380 1725 2420 ciuitas

90 2444 137 2483 in
167 2457 322 2496 campo
372 2445 634 2496 planissimo
681 2447 835 2485 contra
882 2445 1068 2484 Turcam
1118 2445 1195 2496 qui
1244 2445 1349 2485 huic
1380 2445 1551 2497 regioni
1580 2445 1725 2497 quoti-

151 2588 169 2607 a
190 2580 330 2621 gloriae
352 2589 479 2622 supra
495 2589 598 2613 vers.
623 2599 663 2603 —
687 2581 705 2607 b
726 2580 821 2612 Alia
846 2590 970 2612 mann
993 2590 1121 2622 supra
1136 2590 1239 2613 vers.
1265 2581 1392 2614 Octob.
1417 2600 1457 2604 —
1480 2590 1495 2609 e
1516 2580 1598 2614 Del.
1614 2581 1724 2613 Fran-

88 2633 157 2673 cia.
182 2652 221 2656 —
244 2633 262 2660 d
284 2633 332 2664 lvi
356 2642 483 2674 marg).
509 2642 633 2665 mmm
658 2633 699 2665 P.
727 2633 859 2665 Rethii·
882 2633 1063 2666 TIrnauia
1093 2634 1231 2666 ciuitas
1267 2633 1494 2675 Hungariae.
1526 2652 1567 2656 —
1590 2642 1606 2661 e
1629 2633 1722 2666 add.

88 2686 135 2718 iii
156 2696 284 2728 marg).
309 2696 434 2719 manu
458 2687 500 2719 P.
527 2687 659 2719 Rffthii
683 2696 725 2719 ac
750 2687 947 2719 voluntati.

152 2813 162 2830 ¹
186 2811 222 2843 Ρ.
248 2811 405 2843 Ioannes
428 2811 579 2843 Alcaide
604 2811 655 2844 Cf.
680 2811 775 2844 Lite.
806 2811 1011 2850 Quadrim.
1037 2811 1097 2851 VI,
1126 2812 1198 2844 678.

151 2867 163 2884 2
186 2864 237 2897 Cf.
262 2865 357 2897 Litt.
386 2865 592 2904 Quadi-im.
618 2864 677 2904 VI,
703 2866 781 2900 710:
807 2865 973 2897 eiusdem
997 2865 1095 2897 enim
1123 2866 1179 2897 est
1203 2865 1441 2907 subscriptio.

151 2920 164 2938 ³
186 2918 238 2950 Ex
262 2927 387 2959 apogr.
424 2927 558 2950 coaevo
581 2918 677 2957 (sine
700 2918 866 2950 auctoris
900 2918 1064 2957 nomine)
1098 2918 1197 2960 quod
1230 2919 1354 2951 exstat
1388 2918 1562 2951 Coloniae
1595 2918 1635 2949 in
1669 2927 1724 2949 ar-

90 2971 198 3004 chivo
235 2985 250 2999 «
277 2970 329 3003 St.
354 2971 470 3003 Maria
493 2990 532 2993 —
556 2970 816 3002 Himmelfahrt
833 2984 848 2998 »
875 2971 914 3002 in
945 2971 1023 3003 cod.
1053 2971 1094 3003 A.
1120 2971 1153 3003 II
1176 2971 1227 3009 602,
1253 2971 1288 3004 ff.
1315 2971 1461 3003 133-134.
1494 2970 1562 3002 His
1586 2970 1723 3002 litteris

90 3024 357 3056 confirmantur
378 3033 422 3056 ea
444 3034 540 3066 quae
563 3024 742 3056 dicuntur
764 3024 802 3055 in
826 3024 963 3056 litteris
987 3024 1256 3056 viennensibus
1280 3025 1339 3057 die
1362 3025 1480 3066 primo
1504 3023 1723 3056 Settembris

90 3078 201 3110 datis.
226 3077 320 3110 Vide
343 3087 424 3119 sup.
449 3087 483 3119 p.
506 3078 579 3117 505,
603 3077 752 3109 508-509.
