2099 3516
506 262 586 298 561.
615 282 657 287 —
684 262 912 298 Fonomvm
941 261 956 296 1
987 261 1244 298 SEPTEMBms
1274 261 1361 297 1561
1631 262 1700 297 457

227 381 278 421 D.
310 381 361 421 V.
385 381 436 421 R.
460 381 525 428 P„
561 392 634 431 per
662 381 976 420 commissione
1005 380 1075 420 del
1106 379 1203 419 R.‘¹0
1233 380 1281 419 P.
1315 380 1507 424 Rettore,
1540 392 1671 419 seruo
1702 380 1748 420 in

121 446 297 487 Christo
331 445 662 496 indignissimo.
1041 469 1272 508 MICHAELE
1306 469 1579 508 LAURETANO
1610 472 1638 509 1.

183 572 190 588 ¹
217 569 285 601 Hic
308 569 354 601 ab
378 577 477 600 anno
502 569 582 600 1573
605 569 651 601 ad
681 578 821 601 annum
846 569 925 600 1587
959 568 997 600 in
1032 577 1105 609 quo
1138 568 1244 607 obiit,
1277 568 1472 609 collegium
1496 569 1748 609 germanicum

119 623 256 655 Romae
279 622 468 663 sapienter
491 622 598 654 rexit.
624 621 675 655 Cf.
702 622 799 654 inter
822 621 918 654 alios
938 621 1173 654 SACCHINUiuz
1199 620 1302 653 Hist.
1327 621 1411 653 Soc.
1443 621 1547 658 Iesu,
1581 622 1675 663 part.
1703 621 1746 660 V,

120 677 206 708 tom.
232 675 343 717 prior.
368 675 432 707 lib.
457 674 535 714 VII,
561 684 596 707 n.
621 676 641 707 9
664 684 767 716 sqq.:
793 675 990 707 CORDARA:
1021 674 1110 706 Call.
1139 674 1267 706 Germ.
1287 674 1472 715 Hungyar.
1493 674 1595 708 Hist.
1620 674 1683 706 lib.
1701 674 1746 713 II,

120 738 155 761 n.
182 729 221 760 14
243 738 341 769 sqq.:
368 727 618 760 STEINHUBER:
648 728 876 760 Geschz'ehte
893 728 961 759 des
988 727 1078 760 (soll.
1100 727 1229 760 Germ.
1247 727 1432 768 Hzmyar.
1452 728 1495 759 in
1511 728 1632 764 Rom..
1650 727 1677 767 I,
1694 728 1746 768 94,

120 782 190 817 102,
216 782 373 821 116-119;
398 782 692 814 SOMMERVOGEL:
717 781 1060 822 Biblioyraphie...
1085 780 1145 820 IV,
1171 782 1262 813 1566.
1291 781 1382 813 Cum
1406 790 1492 813 vero
1515 781 1554 813 in
1578 781 1638 813 his
1665 790 1749 813 auc-

117 835 263 867 toribus
286 834 434 866 diversa
457 834 700 866 inveniantur
721 835 819 866 circa
842 843 981 866 annum
1005 835 1041 866 et
1064 834 1184 866 locum
1207 843 1281 875 quo
1304 834 1460 866 Michael
1483 834 1676 875 ingressus
1693 835 1749 866 est

118 887 339 920 Societatem
355 888 389 919 et
408 887 507 919 circa
530 887 651 919 locum
674 887 887 919 nativitatis
911 887 1089 925 eiusdem,
1107 887 1270 919 breviter
1293 887 1543 919 indicabimus
1567 896 1663 928 quae
1686 896 1749 919 no-

118 940 176 972 bis
210 940 409 979 securiora,
435 940 639 972 secundum
662 940 819 981 antiqua
845 940 1079 978 documenta,
1103 940 1290 972 videntur.
1316 939 1465 971 Nullum
1488 940 1644 972 dubium
1667 949 1748 972 esse

117 993 266 1026 videtur
287 994 380 1035 quin
403 992 560 1025 Michael
583 994 710 1026 noster
732 993 782 1025 sit
805 993 867 1025 ille
890 993 1047 1025 Michael
1071 1002 1092 1025 a
1115 993 1278 1034 Gaspare
1301 993 1345 1025 de
1369 993 1506 1033 Doctis,
1532 993 1748 1025 lauretanae

119 1047 256 1079 Domus
279 1046 538 1088 gubernatore,
557 1047 848 1086 commendatus,
866 1046 931 1087 qui
948 1055 1073 1078 mense
1090 1046 1281 1078 novembri
1306 1047 1386 1078 1555
1408 1046 1448 1078 in
1470 1055 1623 1078 romana
1642 1047 1748 1079 domo

118 1099 197 1133 Soc.
223 1100 306 1132 Iesu
337 1099 551 1141 spiritualia
574 1100 752 1132 exercitia
774 1100 931 1141 peragit,
957 1100 993 1132 et
1016 1100 1055 1131 in
1079 1099 1263 1132 Societate
1285 1100 1410 1132 vivere
1434 1100 1590 1135 statuit:
1616 1100 1655 1132 in
1679 1100 1749 1132 col-

116 1153 255 1194 legium
279 1161 471 1184 romanum
494 1153 553 1185 die
569 1153 589 1185 3
611 1153 778 1185 Ianuarii
803 1153 883 1185 1556
905 1153 1020 1185 venit.
1046 1153 1082 1184 et
1105 1153 1164 1185 die
1192 1153 1231 1184 12
1253 1152 1352 1194 Sept.
1378 1153 1542 1185 eiusdem
1568 1153 1659 1185 anni
1683 1153 1747 1185 Pa-

117 1206 261 1238 tavium
284 1206 459 1238 mittitur.
485 1205 537 1238 Cf.
562 1205 737 1238 Monam.
761 1206 892 1247 Iynat.
918 1215 988 1239 ser.
1015 1207 1082 1245 1³,
1108 1205 1150 1245 X,
1175 1206 1282 1245 90-91,
1308 1207 1379 1245 152,
1405 1206 1476 1245 184,
1493 1207 1566 1246 230,
1584 1207 1656 1246 231,
1673 1207 1746 1246 383,

116 1260 198 1299 391;
223 1259 390 1291 Polanci
428 1259 582 1300 Compl„
614 1259 658 1293 ΙΙ,
687 1260 759 1298 582,
795 1259 866 1291 589.
892 1258 996 1299 Quod
1030 1259 1167 1291 Romae
1201 1258 1423 1291 Societatem
1457 1260 1651 1301 ingressus
1685 1260 1746 1299 sit,

117 1312 357 1345 confirmatur
379 1322 424 1345 ex
451 1313 716 1354 epigrammate
739 1312 837 1353 quod
862 1313 992 1353 paucis
1016 1313 1102 1344 ante
1126 1313 1280 1345 mortem
1304 1312 1495 1345 mensibus
1519 1313 1588 1345 sub
1612 1313 1745 1345 titulo:

119 1378 136 1394 «
153 1365 298 1407 Virgini
322 1365 431 1398 Matri
455 1365 668 1398 Gratiarum
691 1366 826 1398 Votum
844 1379 859 1394 »
886 1366 1049 1407 scripsit,
1075 1366 1114 1397 in
1137 1375 1211 1407 quo
1234 1365 1325 1398 haec
1352 1366 1559 1398 habentur:

364 1436 478 1478 Virgo
501 1436 669 1469 Recineti
692 1436 795 1469 bivia
817 1446 913 1478 quae
935 1437 1031 1469 valle
1053 1437 1229 1478 quiescis,

447 1489 576 1522 Gratia
599 1490 659 1522 cui
683 1490 814 1522 merito
838 1490 995 1522 Nomina
1019 1491 1125 1522 tanta
1148 1490 1261 1522 dedit.

366 1544 445 1576 Huc
469 1553 550 1576 mea
572 1553 630 1576 me
653 1544 819 1584 genitrix
842 1544 972 1585 primis
996 1544 1066 1576 tibi
1090 1545 1199 1577 duxit
1222 1545 1262 1576 in
1286 1545 1409 1584 annis,

446 1597 629 1629 Parvulus
652 1597 714 1630 hic
737 1597 851 1629 didici
875 1598 995 1639 prima
1018 1598 1200 1630 elementa
1226 1607 1330 1639 puer.

366 1651 458 1682 Dein
483 1650 684 1683 Lauretani
708 1650 806 1682 colui
830 1651 1010 1683 miracula
1033 1651 1187 1692 Templi,

447 1703 491 1736 Et
514 1704 632 1736 cecini
655 1704 785 1736 laudes
808 1704 940 1736 inclita
963 1704 1076 1745 Virgo
1099 1705 1197 1737 tuas.

366 1756 462 1788 Hinc
486 1757 531 1789 ad
554 1757 713 1789 Romani
736 1757 899 1798 processi
923 1757 1096 1798 Tybridis
1120 1757 1261 1797 Arcem,

446 1810 490 1842 Et
513 1809 717 1842 Vaticanae
740 1810 872 1842 limina
895 1819 1001 1842 sacra
1024 1811 1173 1843 Domus.

365 1863 433 1895 Hic
457 1872 514 1895 me
537 1864 706 1896 terrenae
729 1863 971 1896 meditantem
994 1863 1133 1905 gaudia
1155 1863 1268 1903 vitae,

446 1916 501 1949 Ad
524 1916 623 1949 bona
645 1917 687 1949 tu
710 1917 824 1958 Virgo
848 1926 922 1949 non
946 1917 1113 1958 peritura
1135 1926 1258 1949 vocas.

363 1969 630 2011 Errantemque
653 1970 816 2002 animam
839 1970 956 2002 radiis
980 1970 1204 2002 coelestibus
1228 1970 1371 2012 imples,

446 2024 490 2056 Et
513 2033 661 2056 servum
684 2024 770 2056 Nati
793 2033 851 2056 1116
873 2024 966 2056 facis
989 2033 1070 2056 esse
1094 2024 1191 2057 tui...

198 2101 274 2133 Hoc
308 2101 537 2143 epigramma
570 2101 763 2133 invenitur
796 2102 835 2133 in
859 2101 937 2134 cod.
980 2101 1109 2134 Vocat.
1145 2101 1296 2134 illustr.
1322 2101 1349 2141 Ι,
1374 2102 1397 2134 f.
1424 2102 1495 2141 158,
1528 2102 1640 2134 simul
1663 2111 1746 2134 cum

115 2153 252 2186 litteris
276 2154 314 2186 P.
329 2154 427 2186 Petri
451 2154 537 2187 Ant.
562 2154 730 2196 Spinelli,
756 2154 878 2187 Patris
894 2155 1086 2187 Michaelis
1109 2155 1149 2187 in
1173 2155 1333 2197 regendo
1357 2155 1511 2197 collegio
1535 2156 1746 2197 germanico

116 2208 354 2247 successoris,
392 2208 492 2240 datis
525 2208 678 2249 Neapoli
708 2208 768 2240 (116
790 2209 832 2240 20
863 2208 1026 2250 Augusti
1065 2209 1156 2247 1610,
1182 2209 1227 2241 ad
1262 2208 1299 2241 P.
1325 2208 1520 2241 Octavium
1551 2209 1745 2241 Lorenzini

114 2260 252 2293 Romae
279 2261 485 2302 degentem,
510 2261 551 2293 in
572 2261 711 2303 quibus
745 2262 863 2294 multa
885 2262 930 2294 de
957 2262 994 2293 P.
1020 2261 1198 2295 Δ1116116616
1221 2263 1361 2295 narrat.
1393 2262 1550 2294 Michael
1574 2262 1747 2295 Laureta-

115 2323 187 2346 nus
210 2315 383 2346 censetur
406 2315 445 2346 in
469 2315 638 2356 catalogo
661 2315 807 2356 collegii
831 2316 1001 2356 patavini
1025 2316 1164 2347 mensis
1188 2315 1288 2348 Iunii
1306 2316 1397 2355 1557,
1416 2316 1455 2348 in
1479 2316 1588 2348 catal.
1607 2316 1746 2348 mensis

115 2367 282 2399 Ianuarii
320 2369 356 2400 et
390 2368 529 2400 mensis
552 2368 692 2409 Aprilis
730 2369 812 2401 1560
848 2369 942 2407 (cod.
980 2369 1189 2410 Informat.
1225 2370 1364 2410 antiq..
1403 2379 1466 2401 nn.
1498 2370 1548 2401 57.
1587 2370 1639 2408 60,
1677 2370 1744 2411 61).

115 2420 157 2453 In
181 2421 349 2462 catalogo
384 2421 523 2463 scripto
547 2421 616 2453 sub
639 2421 749 2454 finem
784 2422 922 2454 mensis
946 2422 1086 2463 Aprilis
1111 2423 1192 2454 1560
1221 2422 1286 2463 (ib.
1312 2432 1348 2454 n.
1373 2423 1428 2463 60)
1451 2423 1495 2454 de
1519 2431 1561 2455 eo
1584 2423 1743 2455 dicitur:

118 2473 208 2506 «M.⁰
230 2474 384 2507 Michele
407 2475 564 2507 italiano
587 2475 634 2507 da
656 2474 857 2507 Reccanati
881 2477 1041 2508 maestro
1064 2475 1302 2508 d'humanita
1318 2476 1355 2508 di
1372 2475 1432 2508 eta
1455 2476 1493 2508 di
1516 2477 1557 2508 21
1579 2476 1669 2508 anni
1694 2475 1746 2517 [in

115 2527 224 2560 catal.
249 2528 388 2559 mensis
405 2527 572 2560 Ianuarii
595 2528 734 2560 dictum
753 2529 833 2561 erat
856 2529 961 2560 illum
984 2528 1120 2561 habere
1136 2530 1176 2561 22
1199 2529 1335 2561 aetatis
1358 2529 1502 2571 annos],
1528 2527 1633 2561 entro
1650 2529 1747 2561 nella

115 2579 343 2622 Compagnia
366 2581 405 2613 in
428 2581 546 2613 Roma
569 2582 605 2614 et
628 2580 646 2613 e
670 2582 768 2614 stato
792 2582 831 2614 in
854 2582 978 2624 quella
994 2583 1092 2614 circa
1108 2583 1128 2615 5
1144 2583 1278 2615 anni».
1297 2582 1334 2615 P.
1353 2583 1484 2615 Petrus
1501 2583 1586 2614 Ant.
1606 2582 1747 2624 Spinel-

114 2633 173 2665 lus
196 2633 235 2665 in
259 2633 367 2674 epist.
386 2635 560 2675 superius
584 2634 700 2666 citata
723 2634 836 2667 dicit:
858 2647 873 2663 «
891 2635 957 2667 Lui
983 2645 1045 2667 era
1068 2635 1112 2668 de
1135 2636 1280 2677 origine
1304 2635 1350 2668 da
1367 2635 1563 2674 Dalmatia,
1582 2644 1641 2667 ma
1657 2637 1746 2668 nato

114 2686 155 2718 in
178 2686 287 2718 Italia
310 2687 489 2719 Recanati
513 2700 543 2720 ».
562 2687 598 2720 P.
614 2687 770 2720 Iacobus
794 2688 1022 2729 Borghesius
1040 2689 1079 2720 in
1102 2689 1210 2730 epist.
1236 2689 1324 2721 data
1348 2689 1506 2721 Laureto
1530 2688 1589 2720 die
1607 2689 1646 2721 19
1661 2688 1747 2730 Sep-

114 2739 268 2772 tembris
291 2741 382 2772 anni
406 2741 484 2772 1601
510 2741 554 2773 ad
573 2740 609 2773 P.
629 2740 705 2773 Oct.
724 2741 919 2773 Lorenzini
944 2742 1039 2783 (cod.
1064 2741 1193 2774 Vocat.
1212 2741 1337 2774 illust.
1356 2742 1383 2781 I,
1401 2742 1424 2774 f.
1446 2742 1519 2779 159)
1543 2741 1656 2774 dicit:
1684 2755 1700 2771 «
1716 2742 1746 2774 Il

115 2792 153 2825 P.
178 2793 334 2825 Michael
357 2793 376 2825 6
400 2795 488 2826 nato
512 2794 551 2826 in
574 2794 753 2826 Recanati
778 2794 815 2826 di
838 2795 984 2836 parenti
1008 2795 1185 2827 Albanesi
1209 2808 1238 2828 ».
1264 2795 1308 2828 Et
1331 2795 1392 2827 hic
1415 2795 1565 2837 quidem
1589 2795 1680 2827 dicit
1707 2804 1746 2828 se

113 2845 231 2878 fuisse
254 2846 481 2888 discipulum
504 2847 541 2880 P.
566 2847 759 2880 Michaelis
782 2848 957 2880 Forolivii
981 2848 1079 2880 circa
1105 2857 1244 2881 annum
1269 2849 1361 2887 1562,
1386 2850 1422 2881 et
1444 2850 1574 2890 postea
1596 2849 1746 2881 novisse

114 2900 310 2941 quemdam
333 2900 435 2933 illius
460 2910 677 2942 germanum
699 2901 850 2934 fratrem
873 2902 1035 2934 Laureti.
1072 2902 1143 2942 Qui
1166 2902 1298 2935 dicunt
1321 2903 1358 2935 P.
1376 2902 1592 2935 Michaelem
1615 2903 1745 2935 natum

115 2952 155 2984 in
179 2952 374 2992 Dalmatia,
393 2954 581 2986 nescimus
604 2954 743 2996 quibus
766 2954 1019 2987 fundamentis
1042 2955 1259 2988 fulciantur.
1291 2955 1334 2988 In
1356 2955 1518 2997 quadam
1541 2955 1678 2987 notitia
1701 2955 1745 2988 de

114 3005 196 3037 eius
218 3006 298 3038 vita
321 3007 357 3038 et
380 3007 545 3039 moribus
570 3008 709 3049 scripta
746 3008 844 3040 circa
867 3018 1007 3040 annum
1033 3009 1112 3041 1577
1135 3009 1238 3050 (nam
1261 3010 1397 3041 asserit
1420 3018 1504 3041 eum
1527 3018 1608 3041 esse
1631 3010 1745 3041 recto-

114 3067 191 3091 rem
213 3060 300 3092 novi
324 3060 470 3102 collegii
494 3062 698 3102 germanici
722 3062 796 3094 iam
819 3071 842 3094 a
864 3063 1027 3104 quatuor
1049 3063 1175 3103 annis)
1192 3063 1332 3095 dicitur
1353 3063 1522 3104 illyricus
1545 3064 1581 3095 et
1604 3063 1745 3104 ingres-

114 3120 180 3144 sus
203 3112 425 3146 Societatem
448 3113 599 3147 Laureti
623 3124 721 3147 anno
746 3115 837 3147 1554.
862 3114 965 3157 (Cod.
990 3116 1099 3148 Rom.
1129 3116 1208 3149 73.b
1228 3125 1264 3149 n.
1291 3117 1377 3157 117).
