2099 3516
391 248 461 283 336
863 248 1068 285 LITTERAE
1102 249 1445 294 QUADmMEs‘rREs

423 365 461 404 (2.
495 365 623 404 Alius
647 377 823 416 quoque
852 377 903 405 ex
933 367 1124 417 equestri
1154 367 1308 406 ordine
1337 378 1473 417 agens
1502 367 1547 406 in
1577 368 1740 418 oppido
1769 368 1960 419 quodam

343 429 479 479 hujus
509 429 632 479 regni
676 441 774 469 cum
819 442 979 481 genero
1008 431 1199 481 quodam
1230 443 1326 478 su0‚
1359 431 1535 470 duobus
1563 431 1760 482 ejusdem
1791 433 1961 472 ordinis

344 493 452 532 viris
495 494 610 532 bella
654 494 828 541 indixit,
860 495 977 545 quod
1020 495 1290 535 existimaret
1328 507 1480 534 eorum
1514 507 1646 535 causa
1676 496 1768 535 filio
1798 497 1962 536 vulnus

343 557 559 597 inflictum
591 558 748 597 fuisse:
781 570 968 610 cumque
998 561 1157 600 melius
1186 560 1272 599 iam
1304 571 1350 599 se
1380 560 1540 599 habere
1581 560 1796 611 coepisset
1825 561 1960 608 filius,

344 622 472 661 facile
502 625 624 673 pater
652 623 929 674 amplexatus
971 627 1036 664 est
1078 637 1243 675 pacem,
1276 625 1341 663 ira
1382 625 1604 675 deposita3
1636 627 1680 664 at
1722 637 1828 664 uero
1861 637 1961 665 cum

344 686 522 725 iuuenis
552 690 703 737 postea
733 688 861 727 morti
892 691 1006 728 esset
1028 689 1269 740 proximus,
1301 692 1342 728 et
1374 691 1495 739 pater
1515 689 1611 739 ejus
1642 689 1806 739 ingenij
1830 691 1960 736 esset,

343 752 388 789 vt
409 751 509 790 inde
542 752 731 791 maxima
755 753 1033 793 incommoda
1054 754 1327 797 timerentur,
1362 765 1536 804 praeses
1559 753 1683 804 regni
1705 765 1804 793 cum
1835 754 1962 793 Patre

344 817 496 854 nostro
527 816 709 856 Rectore
751 817 854 868 egit,
890 820 932 856 vt
961 818 1094 857 simul
1137 830 1236 857 cum
1281 818 1370 857 alio
1414 818 1552 857 nobili
1597 818 1682 857 sibi
1726 818 1962 869 conjuncto

344 880 577 930 sanguine,
601 881 655 920 ad
685 882 831 921 locum
863 883 938 921 ubi
960 882 998 921 is
1018 883 1151 921 homo
1171 885 1278 929 erat,
1303 882 1704 933 proficiscerentur;
1737 894 1787 922 eo
1816 884 1962 921 autem

345 944 667 994 peruenientes,
699 946 897 986 efficiunt
927 947 1150 986 hominem
1172 948 1266 987 suis
1287 947 1468 986 monitis
1488 947 1831 998 quietissimum,
1854 947 1962 986 adeo

346 1010 389 1047 vt
421 1010 670 1059 promiserit
700 1012 819 1050 Patri
851 1024 896 1051 se
926 1024 1013 1051 non
1037 1012 1274 1063 plusquam
1304 1012 1350 1051 in
1380 1012 1495 1051 diem
1517 1015 1769 1063 sequentem
1796 1011 1964 1051 confes—

345 1073 515 1113 sionem
546 1075 804 1123 dilaturum,
838 1077 950 1115 vnde
981 1077 1144 1116 factum
1170 1079 1235 1116 est
1257 1079 1315 1123 vt,
1341 1079 1513 1116 mortuo
1535 1077 1641 1123 filio,
1664 1077 1812 1116 omnia
1842 1076 1963 1127 pacis

345 1150 394 1177 ac
423 1140 683 1180 concordiae
714 1142 842 1192 plena
873 1142 1049 1181 fuerint.
1074 1142 1167 1181 Hoc
1187 1142 1317 1181 etiam
1341 1142 1504 1193 negotij
1528 1142 1681 1181 multis
1701 1142 1850 1180 arrisit
1870 1141 1964 1191 plu-

346 1203 527 1253 rimum;
558 1207 599 1243 et
628 1205 820 1245 officium
854 1206 1098 1256 praefatum
1142 1206 1188 1245 in
1231 1218 1305 1245 eos
1347 1206 1557 1245 collatum
1602 1208 1681 1252 est,
1714 1206 1791 1257 qui
1834 1206 1963 1245 nobis

345 1279 506 1318 magno
536 1269 695 1309 affectu
726 1271 922 1317 haerent,
954 1271 1118 1321 quique
1152 1271 1370 1322 ejusmodi
1401 1273 1520 1317 sunt,
1553 1272 1597 1309 vt
1626 1271 1754 1321 culpa
1784 1282 1859 1310 eos
1890 1282 1963 1309 va-

345 1344 442 1372 care
472 1335 628 1373 merito
657 1335 893 1374 credantur
923 1335 1032 1387 [sic]

424 1398 462 1437 3
496 1399 620 1438 Multi
652 1400 831 1439 fuerunt
859 1403 901 1439 et
930 1400 1022 1449 alii,
1045 1401 1121 1451 qui
1145 1403 1392 1440 nostrorum
1416 1400 1564 1439 studio
1582 1400 1626 1439 in
1648 1400 1880 1450 pristinam
1902 1411 1964 1438 re-

345 1462 464 1501 diere
493 1464 755 1511 amiciciam,
788 1465 902 1504 inter
930 1477 1041 1516 quos
1062 1466 1241 1515 quidam
1264 1465 1429 1504 nobilis
1452 1464 1548 1511 fuit,
1571 1465 1646 1515 qui
1668 1477 1757 1503 non
1779 1465 1964 1503 latenter

346 1528 656 1577 gubernatoris
685 1529 808 1580 regni
840 1529 1070 1569 inimicum
1100 1531 1280 1580 agebat;
1314 1530 1367 1575 is,
1399 1541 1497 1569 cum
1527 1530 1717 1569 aliorum
1756 1541 1892 1568 suasu
1923 1531 1964 1568 et

347 1592 491 1631 Patris
520 1594 751 1643 cujusdam
782 1606 834 1633 ex
865 1595 1029 1634 nostris
1060 1595 1301 1645 praesidem
1335 1595 1480 1646 ipsum
1502 1595 1640 1634 amice
1670 1594 1827 1634 suisset
1855 1595 1962 1633 allo—

345 1659 488 1705 cutus,
520 1658 713 1698 firmauit
758 1661 908 1709 postea
938 1671 984 1698 se
1013 1660 1192 1698 nonnisi
1223 1672 1247 1698 a
1278 1660 1406 1698 Patre
1450 1660 1586 1698 fuisse
1630 1671 1888 1709 persuasum
1921 1661 1964 1698 vt

346 1721 390 1760 id
421 1723 598 1762 tandem
627 1724 723 1773 ejus
752 1736 885 1763 causa
911 1727 1081 1763 tantum
1114 1724 1349 1774 perficeret.
1374 1724 1523 1775 Neque
1545 1726 1690 1763 tamen
1711 1723 1964 1763 existiman-

345 1786 450 1826 dum
481 1790 544 1826 est
578 1789 855 1838 potissimum
885 1789 1042 1835 Patris,
1066 1790 1141 1828 sed
1164 1789 1241 1828 Dei
1263 1801 1411 1828 amore
1441 1789 1483 1828 id
1511 1789 1721 1828 effecisse.
1746 1788 1965 1828 Laudauit

346 1851 420 1890 ille
451 1852 693 1902 plurimum
734 1854 908 1892 modum
953 1865 1041 1904 quo
1084 1865 1231 1892 secum
1262 1855 1410 1903 egerat
1452 1853 1596 1892 dictus
1641 1853 1790 1899 Pater;
1824 1864 1964 1903 neque

345 1917 461 1955 enim
487 1918 688 1967 pluribus
710 1918 923 1957 adhibitis
952 1918 1214 1963 calcaribus,
1238 1918 1313 1957 sed
1334 1918 1521 1957 suauius
1542 1929 1677 1968 agens
1694 1917 1736 1956 id
1754 1917 1960 1956 obtinuit.

346 1980 410 2021 Sit
442 1982 532 2021 Deo
562 1983 715 2031 gloria.
743 1983 923 2022 quenis
940 1983 1117 2034 quidam
1144 1983 1319 2022 intimae
1339 1982 1610 2022 conditionis
1639 1982 1962 2021 clandestinum

346 2048 676 2087 matrimonium
708 2051 749 2088 et
778 2049 997 2088 contraxit
1026 2051 1067 2087 et
1097 2049 1424 2088 consummauit
1453 2060 1551 2087 cum
1585 2048 1730 2099 puella
1773 2047 1961 2098 quadam

346 2123 503 2163 genere
547 2113 840 2157 nobilissima,
873 2125 1029 2164 resque
1058 2125 1108 2152 eo
1138 2114 1324 2152 deducta
1353 2115 1433 2159 est,
1471 2115 1516 2151 vt
1544 2112 1580 2151 si
1614 2112 1657 2151 in
1701 2112 1965 2162 consangui-

347 2189 530 2216 neorum
564 2178 733 2228 puellae
763 2190 892 2217 aures
922 2178 1210 2228 peruenisset,
1248 2180 1361 2217 certe
1392 2177 1633 2228 periculum
1665 2179 1771 2218 erat.
1796 2179 1839 2215 vt
1870 2177 1964 2227 ipsa

346 2253 445 2281 cum
471 2243 638 2292 ‚iuuene
671 2243 783 2282 vitae
803 2243 1041 2282 discrimen
1062 2243 1327 2282 subiissent:
1352 2242 1525 2282 curauit
1545 2242 1723 2293 quidum
1757 2242 1885 2280 Pater
1912 2253 1964 2280 ex

347 2308 527 2352 nostris,
562 2310 619 2351 vt,
651 2308 852 2358 deposita
884 2320 1017 2358 praua
1048 2308 1369 2347 consuetudine
1399 2318 1511 2358 quae
1541 2307 1627 2345 iam
1660 2306 1811 2345 multis
1841 2318 1963 2356 prae-

346 2372 477 2411 bebat
497 2372 829 2415 offendiculum,
854 2374 1034 2423 vterque
1056 2372 1313 2422 religionem
1336 2372 1651 2422 ingrederetur,
1676 2371 1793 2420 quod
1817 2371 1964 2421 vtique

346 2437 505 2476 salutis
534 2449 685 2476 eorum
719 2437 893 2476 Vnicum
924 2440 1016 2476 erat
1047 2437 1254 2480 medium,
1287 2439 1418 2487 atque
1463 2437 1505 2475 id
1549 2448 1599 2474 ex
1630 2435 1759 2475 corde
1793 2447 1839 2474 se
1869 2447 1965 2486 pro-

349 2502 564 2541 miserunt
593 2503 809 2550 facturos;
841 2504 883 2541 et
924 2514 992 2541 res
1025 2515 1048 2541 a
1084 2502 1273 2540 Domino
1316 2501 1515 2540 foelicem
1560 2501 1642 2539 hac
1685 2501 1756 2539 via
1798 2501 1962 2540 exitum

347 2567 500 2606 sortita
531 2569 610 2612 est,
643 2567 882 2617 multisque
912 2566 1250 2605 imminentibus
1278 2566 1505 2605 obuiatum
1538 2568 1603 2604 est
1633 2565 1776 2604 malis.

425 2632 462 2671 4.
495 2631 646 2670 Patres
676 2631 951 2681 frequentius
980 2643 1110 2681 quam
1143 2633 1271 2669 antea
1301 2630 1356 2669 ad
1385 2631 1588 2680 aegrotos
1612 2631 1654 2668 et
1682 2629 1728 2668 in
1759 2629 1966 2668 extremis

347 2698 526 2745 agentes
558 2696 705 2735 uocari
736 2696 893 2735 solent.
920 2696 1122 2735 Proxime
1142 2695 1306 2746 elapsis
1327 2695 1484 2734 diebus
1506 2695 1573 2734 Pr.
1597 2694 1755 2733 Rector
1784 2695 1965 2732 vocatus

347 2760 489 2799 adfuit
518 2773 615 2799 cum
647 2761 785 2800 altero
816 2761 944 2799 Patre
974 2760 1103 2799 morti
1133 2760 1364 2810 cujusdam
1386 2759 1575 2806 comitis,
1598 2758 1727 2809 cujus
1748 2757 1964 2797 habitatio

347 2825 403 2863 ab
432 2825 515 2864 hac
546 2826 649 2864 vrbe
678 2837 769 2864 non
798 2825 970 2864 modico
999 2824 1144 2875 spatio
1186 2824 1393 2871 distabat,
1425 2835 1513 2874 quo
1542 2823 1656 2862 facto
1690 2825 1732 2861 et
1769 2821 1963 2861 defuncti

348 2902 456 2929 vxor
485 2893 527 2929 et
568 2901 810 2936 successor,
860 2891 906 2928 vt
952 2889 1029 2928 illo
1072 2888 1266 2928 deuincti
1309 2888 1468 2938 officio,
1517 2887 1830 2938 gratitudinem
1875 2898 1964 2926 non

351 2955 577 3005 vulgarem
606 2955 917 2997 exhibuerunt.

427 3020 466 3060 5.
504 3019 750 3059 Dominicis
774 3030 824 3058 ac
854 3018 1026 3058 festiuis
1056 3018 1213 3058 diebus
1243 3017 1443 3057 doctrina
1472 3016 1714 3057 christiana
1745 3016 1808 3067 (vt
1836 3016 1962 3066 solet)
